"","Date_time","Campaign_name","Sample_ref_1","Sample_ref_2","Treatment","Meas_cavispeed_rpm","Max_cavispeed_rpm","Pressure_Mpa","Raw_conductance_kg_Mpa_s","Conductivity_SI_corrT","Std_error_conductivity","PLC","Note","Speed_class","Air_temp1","Air_temp2","Temperature_used_for_correction","Temperature_correctionfactor","Operator","Rotor_number","Species","Sampling_location","Sample_type","Comment","Delta_P_MPa","Pixel_size","Meas_mode","Rotor_diameter","Conductivity_unit","Equation_slope","Equation_intercept","Equation_residue","Equation_pearsonRsquare","Reservoir_crosssection_m2","Sample_crosssection_upstream_m2","mean_diameter_big_res_mm","mean_diameter_small_res_mm","Number_of_stems","Rawdata_TIME","Rawdata_DISTANCE_pixel","Rawdata_DISTANCE_mm","Sample_diameter_rawdata_upstream","Sample_diameter_rawdata_downstream","flag","kmax","Ksmax","PLCclean"
"1","10/12/2023 3:20:20 PM","Hultine_Populus_23",1,1,NA,3230,3230,-0.934,1.77e-05,0.2036205,0.011367,-120.59,NA,"a",0,0,20,1.0021,"Lee","rotor 1","Populus fremontii","DBG","branch",NA,0.0729,0.02708,"AUTO_CAMERA",26,"kg.m-1.Mpa-1.s-1",-0.00339400949869153,-0.00132631508521858,9.49349923039131e-05,0.975643537596597,1e-04,2.26e-05,5.365,2.5,1,"2090;4088;6090;8089;10086;12091;14091;16095;18093;20089;","163;161;161;160;158;157;157;156;154;153;","4.413225;4.359075;4.359075;4.332;4.27785;4.250775;4.250775;4.2237;4.16955;4.142475;","5.365;","2.5;",0,1.98e-05,0.227786175,10.6089296244603
"2","10/12/2023 3:20:50 PM","Hultine_Populus_23",1,1,NA,3230,3230,-0.934,1.91e-05,0.2198758,0.009837,-9.94,NA,"a",0,0,20,1.0021,"Lee","rotor 1","Populus fremontii","DBG","branch",NA,0.0729,0.02708,"AUTO_CAMERA",26,"kg.m-1.Mpa-1.s-1",-0.00366495876533788,-0.00115238020974393,8.2158432222953e-05,0.981805672539322,1e-04,2.26e-05,5.365,2.5,1,"2098;4098;6097;8098;10094;12097;14099;16094;18099;20102;","143;142;141;139;139;138;136;136;135;134;","3.871725;3.84465;3.817575;3.763425;3.763425;3.73635;3.6822;3.6822;3.655125;3.62805;","5.365;","2.5;",0,1.98e-05,0.227786175,3.47271953620539
"3","10/12/2023 3:21:54 PM","Hultine_Populus_23",1,1,NA,3630,3630,-1.193,1.92e-05,0.2205227,0.007286,-10.26,NA,"b",0,0,20,1.0021,"Lee","rotor 1","Populus fremontii","DBG","branch",NA,0.0921,0.02708,"AUTO_CAMERA",26,"kg.m-1.Mpa-1.s-1",-0.00464251314318479,-0.00116735310745583,7.68502870628149e-05,0.985361806539524,1e-04,2.26e-05,5.365,2.5,1,"2104;4104;6104;8103;10102;12103;14106;16103;18105;","182;180;179;177;175;173;172;170;170;","4.92765;4.8735;4.846425;4.792275;4.738125;4.683975;4.6569;4.60275;4.60275;","5.365;","2.5;",0,1.98e-05,0.227786175,3.18872512785292
"4","10/12/2023 3:22:21 PM","Hultine_Populus_23",1,1,NA,3630,3630,-1.193,2.01e-05,0.2308293,0.015751,-15.42,NA,"b",0,0,20,1.0021,"Lee","rotor 1","Populus fremontii","DBG","branch",NA,0.0921,0.02708,"AUTO_CAMERA",26,"kg.m-1.Mpa-1.s-1",-0.00485949019243265,0.00211655424085335,0.000166139278941588,0.97912814105172,1e-04,2.26e-05,5.365,2.5,1,"2101;4103;6102;8103;10102;12101;14102;16104;18109;20098;","161;161;158;156;155;154;152;152;149;148;","4.359075;4.359075;4.27785;4.2237;4.196625;4.16955;4.1154;4.1154;4.034175;4.0071;","5.365;","2.5;",0,1.98e-05,0.227786175,0
"5","10/12/2023 3:23:25 PM","Hultine_Populus_23",1,1,NA,4030,4030,-1.471,1.94e-05,0.2231152,2.7e-05,-11.56,NA,"c",0,0,20,1.0021,"Lee","rotor 1","Populus fremontii","DBG","branch",NA,0.1135,0.02708,"AUTO_CAMERA",26,"kg.m-1.Mpa-1.s-1",-0.00578929685945676,0.000322257677448439,3.5426135821154e-07,0.999905644634948,1e-04,2.26e-05,5.365,2.5,1,"2091;4092;6091;8092;10093;12091;14092;","182;180;178;176;174;172;170;","4.92765;4.8735;4.81935;4.7652;4.71105;4.6569;4.60275;","5.365;","2.5;",0,1.98e-05,0.227786175,2.0505963542344
"6","10/12/2023 3:23:44 PM","Hultine_Populus_23",1,1,NA,4030,4030,-1.471,1.89e-05,0.2179345,0.009338,-8.97,NA,"c",0,0,20,1.0021,"Lee","rotor 1","Populus fremontii","DBG","branch",NA,0.1135,0.02708,"AUTO_CAMERA",26,"kg.m-1.Mpa-1.s-1",-0.0056548700999648,-0.00323123182250139,0.000121399295645356,0.977903863433688,1e-04,2.26e-05,5.365,2.5,1,"2101;4101;6101;8101;10104;12097;14103;16102;","165;163;160;158;158;156;154;152;","4.467375;4.413225;4.332;4.27785;4.27785;4.2237;4.16955;4.1154;","5.365;","2.5;",0,1.98e-05,0.227786175,4.32496616618634
"7","10/12/2023 3:24:43 PM","Hultine_Populus_23",1,1,NA,4330,4330,-1.698,1.97e-05,0.2267718,0.002445,-13.39,NA,"d",0,0,20,1.0021,"Lee","rotor 1","Populus fremontii","DBG","branch",NA,0.1311,0.02708,"AUTO_CAMERA",26,"kg.m-1.Mpa-1.s-1",-0.00679284076617633,0.000239544424687797,3.67035024059899e-05,0.992947492811982,1e-04,2.26e-05,5.365,2.5,1,"2086;4098;6087;8087;10090;12091;14089;","181;179;176;174;171;170;167;","4.900575;4.846425;4.7652;4.71105;4.629825;4.60275;4.521525;","5.365;","2.5;",0,1.98e-05,0.227786175,0.445318948790463
"8","10/12/2023 3:25:01 PM","Hultine_Populus_23",1,1,NA,4330,4330,-1.698,2.02e-05,0.2318702,0.004464,-15.94,NA,"d",0,0,20,1.0021,"Lee","rotor 1","Populus fremontii","DBG","branch",NA,0.1311,0.02708,"AUTO_CAMERA",26,"kg.m-1.Mpa-1.s-1",-0.00694556114337545,0.00540749174218657,6.70012780185885e-05,0.99180309070609,1e-04,2.26e-05,5.365,2.5,1,"2092;4089;6093;8094;10092;12094;14094;16092;","161;160;158;156;153;151;149;147;","4.359075;4.332;4.27785;4.2237;4.142475;4.088325;4.034175;3.980025;","5.365;","2.5;",0,1.98e-05,0.227786175,0
"9","10/12/2023 3:25:55 PM","Hultine_Populus_23",1,1,NA,4630,4630,-1.941,2.01e-05,0.2315628,0.004207,-15.78,NA,"e",0,0,20,1.0021,"Lee","rotor 1","Populus fremontii","DBG","branch",NA,0.1499,0.02708,"AUTO_CAMERA",26,"kg.m-1.Mpa-1.s-1",-0.00793080619664373,0.00164425387380722,7.21989733515695e-05,0.98985469335702,1e-04,2.26e-05,5.365,2.5,1,"2100;4101;6103;8105;10104;12100;14100;","180;177;176;172;169;167;164;","4.8735;4.792275;4.7652;4.6569;4.575675;4.521525;4.4403;","5.365;","2.5;",0,1.98e-05,0.227786175,0
"10","10/12/2023 3:26:10 PM","Hultine_Populus_23",1,1,NA,4630,4630,-1.941,2.21e-05,0.2543509,0.001055,-27.18,NA,"e",0,0,20,1.0021,"Lee","rotor 1","Populus fremontii","DBG","branch",NA,0.1499,0.02708,"AUTO_CAMERA",26,"kg.m-1.Mpa-1.s-1",-0.00871127648195676,-0.000128875870700808,1.81011250712843e-05,0.996605072911075,1e-04,2.26e-05,5.365,2.5,1,"2102;4104;6104;8100;10104;12105;","160;157;155;152;149;147;","4.332;4.250775;4.196625;4.1154;4.034175;3.980025;","5.365;","2.5;",0,1.98e-05,0.227786175,0
"11","10/12/2023 3:26:32 PM","Hultine_Populus_23",1,1,NA,4630,4630,-1.941,1.98e-05,0.227221,0.005179,-13.61,NA,"e",0,0,20,1.0021,"Lee","rotor 1","Populus fremontii","DBG","branch",NA,0.1499,0.02708,"AUTO_CAMERA",26,"kg.m-1.Mpa-1.s-1",-0.00778210456945408,-0.00286645206176155,8.8874820800463e-05,0.993921783309787,1e-04,2.26e-05,5.365,2.5,1,"2099;4106;6102;8101;10102;12098;14102;16102;18101;","141;138;137;134;132;130;128;126;125;","3.817575;3.73635;3.709275;3.62805;3.5739;3.51975;3.4656;3.41145;3.384375;","5.365;","2.5;",0,1.98e-05,0.227786175,0.248116462730896
"12","10/12/2023 3:27:29 PM","Hultine_Populus_23",1,1,NA,4930,4930,-2.21,1.94e-05,0.223608,0.00234,-11.81,NA,"f",0,0,20,1.0021,"Lee","rotor 1","Populus fremontii","DBG","branch",NA,0.1699,0.02708,"AUTO_CAMERA",26,"kg.m-1.Mpa-1.s-1",-0.00868296156742463,0.00338250862037213,4.55317561789372e-05,0.993249568547998,1e-04,2.26e-05,5.365,2.5,1,"1541;2995;4448;5902;7363;8807;10269;11723;","180;179;176;174;172;170;168;165;","4.8735;4.846425;4.7652;4.71105;4.6569;4.60275;4.5486;4.467375;","5.365;","2.5;",0,1.98e-05,0.227786175,1.83425311040057
"13","10/12/2023 3:27:44 PM","Hultine_Populus_23",1,1,NA,4930,4930,-2.21,2.15e-05,0.2471265,0.002018,-23.57,NA,"f",0,0,20,1.0021,"Lee","rotor 1","Populus fremontii","DBG","branch",NA,0.1699,0.02708,"AUTO_CAMERA",26,"kg.m-1.Mpa-1.s-1",-0.00959621036896462,0.001768695932261,3.92612348126968e-05,0.995227257367161,1e-04,2.26e-05,5.365,2.5,1,"1547;2999;4455;5916;7370;8822;10277;11728;","159;157;155;153;151;149;147;144;","4.304925;4.250775;4.196625;4.142475;4.088325;4.034175;3.980025;3.8988;","5.365;","2.5;",0,1.98e-05,0.227786175,0
"14","10/12/2023 3:28:00 PM","Hultine_Populus_23",1,1,NA,4930,4930,-2.21,1.95e-05,0.2245362,0.002328,-12.27,NA,"f",0,0,20,1.0021,"Lee","rotor 1","Populus fremontii","DBG","branch",NA,0.1699,0.02708,"AUTO_CAMERA",26,"kg.m-1.Mpa-1.s-1",-0.00871900411314907,0.00174052264153918,4.5299342757091e-05,0.993326691942531,1e-04,2.26e-05,5.365,2.5,1,"1550;3001;4459;5916;7371;8816;10269;11722;","138;137;135;133;131;130;128;127;","3.73635;3.709275;3.655125;3.600975;3.546825;3.51975;3.4656;3.438525;","5.365;","2.5;",0,1.98e-05,0.227786175,1.42676569374767
"15","10/12/2023 3:28:57 PM","Hultine_Populus_23",1,1,NA,5230,5230,-2.488,1.97e-05,0.2263819,0.001074,-13.19,NA,"g",0,0,20,1.0021,"Lee","rotor 1","Populus fremontii","DBG","branch",NA,0.1912,0.02708,"AUTO_CAMERA",26,"kg.m-1.Mpa-1.s-1",-0.00989308379959526,-0.000244859061317874,2.35102627824563e-05,0.997295906606735,1e-04,2.26e-05,5.365,2.5,1,"1549;3002;4455;5909;7354;8815;10267;11713;","180;177;175;173;170;168;165;163;","4.8735;4.792275;4.738125;4.683975;4.60275;4.5486;4.467375;4.413225;","5.365;","2.5;",0,1.98e-05,0.227786175,0.616488248244218
"16","10/12/2023 3:29:14 PM","Hultine_Populus_23",1,1,NA,5230,5230,-2.488,2.16e-05,0.248715,0.00225,-24.36,NA,"g",0,0,20,1.0021,"Lee","rotor 1","Populus fremontii","DBG","branch",NA,0.1912,0.02708,"AUTO_CAMERA",26,"kg.m-1.Mpa-1.s-1",-0.0108690597927998,0.00302785308579129,4.92558169716141e-05,0.995326762789166,1e-04,2.26e-05,5.365,2.5,1,"1561;3004;4457;5921;7374;8828;10277;11734;","154;152;150;148;145;143;141;138;","4.16955;4.1154;4.06125;4.0071;3.925875;3.871725;3.817575;3.73635;","5.365;","2.5;",0,1.98e-05,0.227786175,0
"17","10/12/2023 3:29:36 PM","Hultine_Populus_23",1,1,NA,5230,5230,-2.488,1.98e-05,0.2277662,0.001916,-13.89,NA,"g",0,0,20,1.0021,"Lee","rotor 1","Populus fremontii","DBG","branch",NA,0.1912,0.02708,"AUTO_CAMERA",26,"kg.m-1.Mpa-1.s-1",-0.00995358092419253,-0.000673461251650638,4.19587160211261e-05,0.99524681795629,1e-04,2.26e-05,5.365,2.5,1,"1548;2995;4456;5901;7350;8805;10262;11723;","128;126;124;123;121;119;117;116;","3.4656;3.41145;3.3573;3.330225;3.276075;3.221925;3.167775;3.1407;","5.365;","2.5;",0,1.98e-05,0.227786175,0.00876918891148382
"18","10/12/2023 3:30:46 PM","Hultine_Populus_23",1,1,NA,5430,5430,-2.695,2.06e-05,0.2366412,0.000781,-18.32,NA,"h",0,0,20,1.0021,"Lee","rotor 1","Populus fremontii","DBG","branch",NA,0.2061,0.02708,"AUTO_CAMERA",26,"kg.m-1.Mpa-1.s-1",-0.0111474776028677,-0.00100561481213605,1.84333867836869e-05,0.998333955670493,1e-04,2.26e-05,5.365,2.5,1,"1550;3019;4456;5922;7375;8830;10281;11738;","181;178;175;172;170;167;164;162;","4.900575;4.81935;4.738125;4.6569;4.60275;4.521525;4.4403;4.38615;","5.365;","2.5;",0,1.98e-05,0.227786175,0
"19","10/12/2023 3:31:01 PM","Hultine_Populus_23",1,1,NA,5430,5430,-2.695,2.01e-05,0.2317134,0.00104,-15.86,NA,"h",0,0,20,1.0021,"Lee","rotor 1","Populus fremontii","DBG","branch",NA,0.2061,0.02708,"AUTO_CAMERA",26,"kg.m-1.Mpa-1.s-1",-0.0109153429557697,-0.00200180427655283,2.45419748969311e-05,0.997679139536736,1e-04,2.26e-05,5.365,2.5,1,"1565;3019;4457;5912;7375;8830;10272;11725;","154;151;149;147;144;142;140;138;","4.16955;4.088325;4.034175;3.980025;3.8988;3.84465;3.7905;3.73635;","5.365;","2.5;",0,1.98e-05,0.227786175,0
"20","10/12/2023 3:32:00 PM","Hultine_Populus_23",1,1,NA,5630,5630,-2.877,1.16e-05,0.1334551,0.015516,33.27,NA,"i",0,0,20,1.0021,"Lee","rotor 1","Populus fremontii","DBG","branch",NA,0.2216,0.02708,"AUTO_CAMERA",26,"kg.m-1.Mpa-1.s-1",-0.00675831842437554,-0.00935921685124473,0.000393691378138698,0.911525386547965,1e-04,2.26e-05,5.365,2.5,1,"1553;2996;4451;5911;7365;8809;10274;11728;","98;95;96;94;93;92;92;91;","2.65335;2.572125;2.5992;2.54505;2.517975;2.4909;2.4909;2.463825;","5.365;","2.5;",0,1.98e-05,0.227786175,41.4121159899191
"21","10/12/2023 3:32:22 PM","Hultine_Populus_23",1,1,NA,5630,5630,-2.877,1.34e-05,0.1536639,0.00215,23.17,NA,"i",0,0,20,1.0021,"Lee","rotor 1","Populus fremontii","DBG","branch",NA,0.2216,0.02708,"AUTO_CAMERA",26,"kg.m-1.Mpa-1.s-1",-0.00778171248655416,-0.00285118120901642,5.45613162183593e-05,0.989955168785626,1e-04,2.26e-05,5.365,2.5,1,"1548;3014;4454;5907;7370;8823;10276;11728;","182;179;177;176;174;171;170;168;","4.92765;4.846425;4.792275;4.7652;4.71105;4.629825;4.60275;4.5486;","5.365;","2.5;",0,1.98e-05,0.227786175,32.5402869599088
"22","10/12/2023 3:32:38 PM","Hultine_Populus_23",1,1,NA,5630,5630,-2.877,1.31e-05,0.1506054,0.000856,24.7,NA,"i",0,0,20,1.0021,"Lee","rotor 1","Populus fremontii","DBG","branch",NA,0.2216,0.02708,"AUTO_CAMERA",26,"kg.m-1.Mpa-1.s-1",-0.00762682642301761,-0.00117278795852973,2.17285656070134e-05,0.995807562382767,1e-04,2.26e-05,5.365,2.5,1,"1550;3004;4467;5910;7373;8816;10282;11720;","160;158;156;155;153;151;150;148;","4.332;4.27785;4.2237;4.196625;4.142475;4.088325;4.06125;4.0071;","5.365;","2.5;",0,1.98e-05,0.227786175,33.8829935574448
"23","10/12/2023 3:33:35 PM","Hultine_Populus_23",1,1,NA,5830,5830,-3.072,8.9e-06,0.1019745,0.001237,49.02,NA,"j",0,0,20,1.0021,"Lee","rotor 1","Populus fremontii","DBG","branch",NA,0.2376,0.02708,"AUTO_CAMERA",26,"kg.m-1.Mpa-1.s-1",-0.00553751879580723,-0.0031174974968497,3.36605340931771e-05,0.987792454954695,1e-04,2.26e-05,5.365,2.5,1,"1551;2997;4447;5904;7363;8814;10270;11727;","183;181;179;178;177;175;174;173;","4.954725;4.900575;4.846425;4.81935;4.792275;4.738125;4.71105;4.683975;","5.365;","2.5;",0,1.98e-05,0.227786175,55.2323577144223
"24","10/12/2023 3:33:51 PM","Hultine_Populus_23",1,1,NA,5830,5830,-3.072,8.6e-06,0.0995022,0.000925,50.25,NA,"j",0,0,20,1.0021,"Lee","rotor 1","Populus fremontii","DBG","branch",NA,0.2376,0.02708,"AUTO_CAMERA",26,"kg.m-1.Mpa-1.s-1",-0.00540326890010527,0.00119880023514823,2.51633329305698e-05,0.99035588248738,1e-04,2.26e-05,5.365,2.5,1,"1555;2994;4460;5905;7356;8806;10263;11713;","168;167;166;164;163;162;161;159;","4.5486;4.521525;4.49445;4.4403;4.413225;4.38615;4.359075;4.304925;","5.365;","2.5;",0,1.98e-05,0.227786175,56.3177177016999
"25","10/12/2023 3:34:07 PM","Hultine_Populus_23",1,1,NA,5830,5830,-3.072,8.2e-06,0.0944677,0.002247,52.77,NA,"j",0,0,20,1.0021,"Lee","rotor 1","Populus fremontii","DBG","branch",NA,0.2376,0.02708,"AUTO_CAMERA",26,"kg.m-1.Mpa-1.s-1",-0.00512987906159017,-0.00145920157296003,6.11385097727003e-05,0.974451550217391,1e-04,2.26e-05,5.365,2.5,1,"1543;2995;4455;5910;7355;8811;10261;11710;","155;154;152;151;150;150;148;147;","4.196625;4.16955;4.1154;4.088325;4.06125;4.06125;4.0071;3.980025;","5.365;","2.5;",0,1.98e-05,0.227786175,58.5279045139592
"26","10/12/2023 3:35:04 PM","Hultine_Populus_23",1,1,NA,6030,6030,-3.279,4.5e-06,0.0514118,0.000776,74.3,NA,"k",0,0,20,1.0021,"Lee","rotor 1","Populus fremontii","DBG","branch",NA,0.2542,0.02708,"AUTO_CAMERA",26,"kg.m-1.Mpa-1.s-1",-0.00298665064767477,0.00189362490805569,2.25902723738053e-05,0.972267560532165,1e-04,2.26e-05,5.365,2.5,1,"1554;2999;4454;5919;7361;8821;10276;11726;","184;184;183;182;181;180;180;179;","4.9818;4.9818;4.954725;4.92765;4.900575;4.8735;4.8735;4.846425;","5.365;","2.5;",0,1.98e-05,0.227786175,77.4297979234253
"27","10/12/2023 3:35:27 PM","Hultine_Populus_23",1,1,NA,6030,6030,-3.279,3.2e-06,0.0370825,0.001776,81.46,NA,"k",0,0,20,1.0021,"Lee","rotor 1","Populus fremontii","DBG","branch",NA,0.2542,0.02708,"AUTO_CAMERA",26,"kg.m-1.Mpa-1.s-1",-0.0021542216437463,0.00281985826751274,5.16864932191877e-05,0.959354013276271,1e-04,2.26e-05,5.365,2.5,1,"1548;3007;4460;6424;7927;9426;10927;12425;13927;15429;16929;","175;175;175;174;173;172;172;172;171;170;170;","4.738125;4.738125;4.738125;4.71105;4.683975;4.6569;4.6569;4.6569;4.629825;4.60275;4.60275;","5.365;","2.5;",0,1.98e-05,0.227786175,83.7204782072485
"28","10/12/2023 3:35:49 PM","Hultine_Populus_23",1,1,NA,6030,6030,-3.279,3.8e-06,0.0435865,0.00111,78.21,NA,"k",0,0,20,1.0021,"Lee","rotor 1","Populus fremontii","DBG","branch",NA,0.2542,0.02708,"AUTO_CAMERA",26,"kg.m-1.Mpa-1.s-1",-0.00253205392608896,0.0015005076282246,3.23145424260004e-05,0.980041796615494,1e-04,2.26e-05,5.365,2.5,1,"1588;3088;4589;6089;7590;9091;10590;12088;13592;15085;16589;","166;166;165;164;164;163;163;162;161;161;160;","4.49445;4.49445;4.467375;4.4403;4.4403;4.413225;4.413225;4.38615;4.359075;4.359075;4.332;","5.365;","2.5;",0,1.98e-05,0.227786175,80.8651688365196
"29","10/12/2023 3:36:42 PM","Hultine_Populus_23",1,1,NA,6230,6230,-3.486,0,0,0,100,NA,"l",0,0,20,1.0021,"Lee","rotor 1","Populus fremontii","DBG","branch",NA,0.2713,0.02708,"AUTO_CAMERA",26,"kg.m-1.Mpa-1.s-1",0,0,0,NA,1e-04,2.26e-05,5.365,2.5,1,"1594;3098;4601;6095;7600;","185;185;185;185;185;","5.008875;5.008875;5.008875;5.008875;5.008875;","5.365;","2.5;",0,1.98e-05,0.227786175,100
"30","10/12/2023 3:37:09 PM","Hultine_Populus_23",1,1,NA,6630,6630,-3.948,0,1.77e-05,0.000887,99.99,NA,"l",0,0,20,1.0021,"Lee","rotor 1","Populus fremontii","DBG","branch",NA,0.3073,0.02708,"AUTO_CAMERA",26,"kg.m-1.Mpa-1.s-1",-1.24141316639898e-06,0.00279560050421321,3.11991083442466e-05,5.55629306085562e-07,1e-04,2.26e-05,5.365,2.5,1,"1594;3092;4591;6094;","182;183;183;182;","4.92765;4.954725;4.954725;4.92765;","5.365;","2.5;",0,1.98e-05,0.227786175,99.9922295547568
"31","10/18/2023 4:57:02 PM","Hultine Cottonwood",1.2,1,NA,4330,4330,-1.737,4.2e-06,0.0612284,0.002546,88.2,"","d",0,0,20,1.0021,"Lee","rotor 1","Populus fremontii","DBG","branch",NA,0.1311,0.02708,"AUTO_CAMERA",26,"kg.m-1.Mpa-1.s-1",-0.00136948727923948,0.00118779194400821,2.85323855510603e-05,0.955936728097559,1e-04,1.79e-05,4.7725,2.3575,1,"2089;4088;6090;8089;10089;12088;14091;16089;18090;20090;","194;194;193;193;192;192;191;190;190;190;","5.25255;5.25255;5.225475;5.225475;5.1984;5.1984;5.171325;5.14425;5.14425;5.14425;","4.7725;","2.3575;",0,4.7e-06,0.0687358,10.9221104577236
"32","10/18/2023 4:57:22 PM","Hultine Cottonwood",1.2,1,NA,4330,4330,-1.737,4.4e-06,0.0641371,0.003184,87.64,"","d",0,0,20,1.0021,"Lee","rotor 1","Populus fremontii","DBG","branch",NA,0.1311,0.02708,"AUTO_CAMERA",26,"kg.m-1.Mpa-1.s-1",-0.001434544804341,-0.00243004106905456,3.56829335154348e-05,0.950062607431002,1e-04,1.79e-05,4.7725,2.3575,1,"2094;4092;6093;8093;10092;12088;14093;16087;18091;20092;","188;187;186;186;185;185;185;184;183;183;","5.0901;5.063025;5.03595;5.03595;5.008875;5.008875;5.008875;4.9818;4.954725;4.954725;","4.7725;","2.3575;",0,4.7e-06,0.0687358,6.69040005353833
"33","10/18/2023 4:58:02 PM","Hultine Cottonwood",1.2,1,NA,4330,4330,-1.737,5e-06,0.0733345,0.004517,85.87,"","d",0,0,20,1.0021,"Lee","rotor 1","Populus fremontii","DBG","branch",NA,0.1311,0.02708,"AUTO_CAMERA",26,"kg.m-1.Mpa-1.s-1",-0.0016402611881551,0.00282855442776062,5.06162183878723e-05,0.946065006347785,1e-04,1.79e-05,4.7725,2.3575,1,"2096;4099;6100;8101;10096;12100;14097;16104;18096;20097;","181;181;181;180;179;178;178;178;177;176;","4.900575;4.900575;4.900575;4.8735;4.846425;4.81935;4.81935;4.81935;4.792275;4.7652;","4.7725;","2.3575;",0,4.7e-06,0.0687358,0
"34","10/18/2023 5:00:16 PM","Hultine Cottonwood",1.2,1,NA,4630,4630,-1.986,4.8e-06,0.0701813,0.001721,86.48,"","e",0,0,20,1.0021,"Lee","rotor 1","Populus fremontii","DBG","branch",NA,0.1499,0.02708,"AUTO_CAMERA",26,"kg.m-1.Mpa-1.s-1",-0.00179478439993937,0.00180183380105098,2.20486877524715e-05,0.979680869036445,1e-04,1.79e-05,4.7725,2.3575,1,"2088;4088;6092;8092;10091;12088;14090;16087;18089;20092;","194;194;193;192;192;191;190;190;189;188;","5.25255;5.25255;5.225475;5.1984;5.1984;5.171325;5.14425;5.14425;5.117175;5.0901;","4.7725;","2.3575;",0,4.7e-06,0.0687358,0
"35","10/18/2023 5:00:52 PM","Hultine Cottonwood",1.2,1,NA,4630,4630,-1.986,4.6e-06,0.0671703,0.003024,87.06,"","e",0,0,20,1.0021,"Lee","rotor 1","Populus fremontii","DBG","branch",NA,0.1499,0.02708,"AUTO_CAMERA",26,"kg.m-1.Mpa-1.s-1",-0.00171778399387288,-0.00127232870225296,3.87513582002928e-05,0.961718938264866,1e-04,1.79e-05,4.7725,2.3575,1,"2096;4104;6094;8094;10098;12097;14096;16096;18099;20094;","166;165;165;164;163;163;163;162;161;161;","4.49445;4.467375;4.467375;4.4403;4.413225;4.413225;4.413225;4.38615;4.359075;4.359075;","4.7725;","2.3575;",0,4.7e-06,0.0687358,2.27756132903086
"36","10/18/2023 5:01:17 PM","Hultine Cottonwood",1.2,1,NA,4630,4630,-1.986,4e-06,0.058649,0.006314,88.7,"","e",0,0,20,1.0021,"Lee","rotor 1","Populus fremontii","DBG","branch",NA,0.1499,0.02708,"AUTO_CAMERA",26,"kg.m-1.Mpa-1.s-1",-0.00149986278485853,0.00100716714556056,8.0910145426269e-05,0.90174412214216,1e-04,1.79e-05,4.7725,2.3575,1,"2088;4085;6090;8100;10089;12089;14088;16096;18088;20091;","156;156;155;154;155;154;154;153;152;152;","4.2237;4.2237;4.196625;4.16955;4.196625;4.16955;4.16955;4.142475;4.1154;4.1154;","4.7725;","2.3575;",0,4.7e-06,0.0687358,14.6747400917717
"37","10/18/2023 5:05:13 PM","Hultine Cottonwood",1.2,1,NA,4930,4930,-2.252,4.7e-06,0.0684577,0.004393,86.81,"","f",0,0,20,1.0021,"Lee","rotor 1","Populus fremontii","DBG","branch",NA,0.1699,0.02708,"AUTO_CAMERA",26,"kg.m-1.Mpa-1.s-1",-0.0019849289978435,-0.000849461046727729,6.3814067640633e-05,0.953212090250722,1e-04,1.79e-05,4.7725,2.3575,1,"2096;4098;6098;8094;10095;12097;14095;16096;18097;20096;","182;182;180;179;179;178;178;177;176;176;","4.92765;4.92765;4.8735;4.846425;4.846425;4.81935;4.81935;4.792275;4.7652;4.7652;","4.7725;","2.3575;",0,4.7e-06,0.0687358,0.404592657683478
"38","10/18/2023 5:05:37 PM","Hultine Cottonwood",1.2,1,NA,4930,4930,-2.252,4.4e-06,0.0646241,0.005778,87.55,"","f",0,0,20,1.0021,"Lee","rotor 1","Populus fremontii","DBG","branch",NA,0.1699,0.02708,"AUTO_CAMERA",26,"kg.m-1.Mpa-1.s-1",-0.00187377373287554,0.00189760581494987,8.39478757316537e-05,0.932411673005515,1e-04,1.79e-05,4.7725,2.3575,1,"2098;4102;6107;8097;10094;12092;14097;16098;18099;20097;","172;172;172;170;169;169;169;168;167;167;","4.6569;4.6569;4.6569;4.60275;4.575675;4.575675;4.575675;4.5486;4.521525;4.521525;","4.7725;","2.3575;",0,4.7e-06,0.0687358,5.98189007765967
"39","10/18/2023 5:06:03 PM","Hultine Cottonwood",1.2,1,NA,4930,4930,-2.252,5.2e-06,0.0758657,0.002228,85.38,"","f",0,0,20,1.0021,"Lee","rotor 1","Populus fremontii","DBG","branch",NA,0.1699,0.02708,"AUTO_CAMERA",26,"kg.m-1.Mpa-1.s-1",-0.00219972409206656,0.00157595846892488,3.23689595534564e-05,0.980127712320145,1e-04,1.79e-05,4.7725,2.3575,1,"2094;4101;6097;8096;10096;12097;14098;16096;18096;20094;","164;164;163;162;161;161;160;159;159;158;","4.4403;4.4403;4.413225;4.38615;4.359075;4.359075;4.332;4.304925;4.304925;4.27785;","4.7725;","2.3575;",0,4.7e-06,0.0687358,0
"40","10/18/2023 5:06:53 PM","Hultine Cottonwood",1.2,1,NA,5230,5230,-2.535,5.1e-06,0.0738147,0.002919,85.78,"","g",0,0,20,1.0021,"Lee","rotor 1","Populus fremontii","DBG","branch",NA,0.1912,0.02708,"AUTO_CAMERA",26,"kg.m-1.Mpa-1.s-1",-0.00240866000880568,0.000333269863384961,4.77187676221718e-05,0.9756874968421,1e-04,1.79e-05,4.7725,2.3575,1,"2091;4093;6097;8096;10094;12096;14094;16092;18099;20094;","194;193;192;192;190;190;189;187;187;186;","5.25255;5.225475;5.1984;5.1984;5.14425;5.14425;5.117175;5.063025;5.063025;5.03595;","4.7725;","2.3575;",0,4.7e-06,0.0687358,0
"41","10/18/2023 5:07:17 PM","Hultine Cottonwood",1.2,1,NA,5230,5230,-2.535,5.1e-06,0.0745484,0.001237,85.64,"","g",0,0,20,1.0021,"Lee","rotor 1","Populus fremontii","DBG","branch",NA,0.1912,0.02708,"AUTO_CAMERA",26,"kg.m-1.Mpa-1.s-1",-0.0024326014183456,-0.00128546416015044,2.02311808646349e-05,0.989747148040431,1e-04,1.79e-05,4.7725,2.3575,1,"2085;4094;6086;8089;10097;12087;14086;16086;18094;20089;","183;182;181;180;179;178;178;177;176;175;","4.954725;4.92765;4.900575;4.8735;4.846425;4.81935;4.81935;4.792275;4.7652;4.738125;","4.7725;","2.3575;",0,4.7e-06,0.0687358,0
"42","10/18/2023 5:08:07 PM","Hultine Cottonwood",1.2,1,NA,5230,5230,-2.535,4.3e-06,0.0618874,0.002017,88.08,"","g",0,0,20,1.0021,"Lee","rotor 1","Populus fremontii","DBG","branch",NA,0.1912,0.02708,"AUTO_CAMERA",26,"kg.m-1.Mpa-1.s-1",-0.00201945590537883,-0.00218962460246309,3.29734192605628e-05,0.967481153515388,1e-04,1.79e-05,4.7725,2.3575,1,"2094;4092;6089;8095;10102;12091;14105;16107;18110;","162;161;160;160;159;158;158;157;157;","4.38615;4.359075;4.332;4.332;4.304925;4.27785;4.27785;4.250775;4.250775;","4.7725;","2.3575;",0,4.7e-06,0.0687358,9.96336697907059
"43","10/18/2023 5:08:52 PM","Hultine Cottonwood",1.2,1,NA,5430,5430,-2.732,5.1e-06,0.0734995,0.003947,85.84,"","h",0,0,20,1.0021,"Lee","rotor 1","Populus fremontii","DBG","branch",NA,0.2061,0.02708,"AUTO_CAMERA",26,"kg.m-1.Mpa-1.s-1",-0.00258531316526871,0.00179221938246176,6.95658857844605e-05,0.969427794726074,1e-04,1.79e-05,4.7725,2.3575,1,"2094;4094;6096;8094;10094;12096;14095;16092;18096;20096;","193;192;192;191;189;189;187;187;185;185;","5.225475;5.1984;5.1984;5.171325;5.117175;5.117175;5.063025;5.063025;5.008875;5.008875;","4.7725;","2.3575;",0,4.7e-06,0.0687358,0
"44","10/18/2023 5:09:17 PM","Hultine Cottonwood",1.2,1,NA,5430,5430,-2.732,4.4e-06,0.0639529,0.002179,87.68,"","h",0,0,20,1.0021,"Lee","rotor 1","Populus fremontii","DBG","branch",NA,0.2061,0.02708,"AUTO_CAMERA",26,"kg.m-1.Mpa-1.s-1",-0.00224951542551284,-0.00292886678798853,3.84038309595202e-05,0.969358979555507,1e-04,1.79e-05,4.7725,2.3575,1,"2104;4099;6100;8108;10102;12102;14097;16100;18112;","181;179;179;178;177;177;176;175;174;","4.900575;4.846425;4.846425;4.81935;4.792275;4.792275;4.7652;4.738125;4.71105;","4.7725;","2.3575;",0,4.7e-06,0.0687358,6.95838267685835
"45","10/18/2023 5:09:43 PM","Hultine Cottonwood",1.2,1,NA,5430,5430,-2.732,5.5e-06,0.0793651,0.004519,84.71,"","h",0,0,20,1.0021,"Lee","rotor 1","Populus fremontii","DBG","branch",NA,0.2061,0.02708,"AUTO_CAMERA",26,"kg.m-1.Mpa-1.s-1",-0.00279163396724792,-0.00291769772626889,7.96358830145211e-05,0.969977637692368,1e-04,1.79e-05,4.7725,2.3575,1,"2091;4090;6092;8093;10093;12091;14095;16094;18096;20093;","170;169;167;167;165;165;164;163;162;162;","4.60275;4.575675;4.521525;4.521525;4.467375;4.467375;4.4403;4.413225;4.38615;4.38615;","4.7725;","2.3575;",0,4.7e-06,0.0687358,0
"46","10/18/2023 5:10:24 PM","Hultine Cottonwood",1.2,1,NA,5630,5630,-2.937,4.6e-06,0.0673862,0.002793,87.02,"","i",0,0,20,1.0021,"Lee","rotor 1","Populus fremontii","DBG","branch",NA,0.2216,0.02708,"AUTO_CAMERA",26,"kg.m-1.Mpa-1.s-1",-0.00254810115763422,0.00253635778073486,5.29220657156924e-05,0.975897927766171,1e-04,1.79e-05,4.7725,2.3575,1,"2091;4091;6092;8087;10091;12087;14089;16090;18093;20092;","193;193;192;191;189;188;188;187;186;185;","5.225475;5.225475;5.1984;5.171325;5.117175;5.0901;5.0901;5.063025;5.03595;5.008875;","4.7725;","2.3575;",0,4.7e-06,0.0687358,1.96346008921117
"47","10/18/2023 5:10:56 PM","Hultine Cottonwood",1.2,1,NA,5630,5630,-2.937,4.3e-06,0.0618503,0.001534,88.08,"","i",0,0,20,1.0021,"Lee","rotor 1","Populus fremontii","DBG","branch",NA,0.2216,0.02708,"AUTO_CAMERA",26,"kg.m-1.Mpa-1.s-1",-0.00233877188612304,1.15653292384915e-05,2.90579366943597e-05,0.984151636320804,1e-04,1.79e-05,4.7725,2.3575,1,"2106;4099;6094;8099;10097;12098;14100;16096;18098;20099;","182;181;180;180;179;178;177;176;175;175;","4.92765;4.900575;4.8735;4.8735;4.846425;4.81935;4.792275;4.7652;4.738125;4.738125;","4.7725;","2.3575;",0,4.7e-06,0.0687358,10.0173417636806
"48","10/18/2023 5:11:18 PM","Hultine Cottonwood",1.2,1,NA,5630,5630,-2.937,4.3e-06,0.0624195,0.001994,87.97,"","i",0,0,20,1.0021,"Lee","rotor 1","Populus fremontii","DBG","branch",NA,0.2216,0.02708,"AUTO_CAMERA",26,"kg.m-1.Mpa-1.s-1",-0.00236029409795283,0.00321771837942335,3.77748994925207e-05,0.972530731127224,1e-04,1.79e-05,4.7725,2.3575,1,"2096;4097;6103;8099;10101;12097;14109;16095;18099;","168;168;167;166;166;165;164;163;162;","4.5486;4.5486;4.521525;4.49445;4.49445;4.467375;4.4403;4.413225;4.38615;","4.7725;","2.3575;",0,4.7e-06,0.0687358,9.18924345101096
"49","10/18/2023 5:12:12 PM","Hultine Cottonwood",1.2,1,NA,5930,5930,-3.259,3.1e-06,0.0455501,0.002459,91.22,"","j",0,0,20,1.0021,"Lee","rotor 1","Populus fremontii","DBG","branch",NA,0.2458,0.02708,"AUTO_CAMERA",26,"kg.m-1.Mpa-1.s-1",-0.00191085674725708,0.00123750026494967,5.16921038481734e-05,0.958864769265488,1e-04,1.79e-05,4.7725,2.3575,1,"2094;4096;6098;8096;10094;12100;14096;16092;18098;20095;","194;194;192;192;192;191;190;189;188;188;","5.25255;5.25255;5.1984;5.1984;5.1984;5.171325;5.14425;5.117175;5.0901;5.0901;","4.7725;","2.3575;",0,4.7e-06,0.0687358,33.7316216585826
"50","10/18/2023 5:12:34 PM","Hultine Cottonwood",1.2,1,NA,5930,5930,-3.259,3.4e-06,0.0487076,0.00091,90.61,"","j",0,0,20,1.0021,"Lee","rotor 1","Populus fremontii","DBG","branch",NA,0.2458,0.02708,"AUTO_CAMERA",26,"kg.m-1.Mpa-1.s-1",-0.00204331200140677,-0.000903328100622387,1.91317033195754e-05,0.981267520535363,1e-04,1.79e-05,4.7725,2.3575,1,"2102;4105;6103;8103;10103;12104;14103;16101;18107;","186;185;184;184;183;182;181;181;180;","5.03595;5.008875;4.9818;4.9818;4.954725;4.92765;4.900575;4.900575;4.8735;","4.7725;","2.3575;",0,4.7e-06,0.0687358,29.1379455829422
"51","10/18/2023 5:12:59 PM","Hultine Cottonwood",1.2,1,NA,5930,5930,-3.259,2.8e-06,0.0407933,0.00381,92.14,"","j",0,0,20,1.0021,"Lee","rotor 1","Populus fremontii","DBG","branch",NA,0.2458,0.02708,"AUTO_CAMERA",26,"kg.m-1.Mpa-1.s-1",-0.00171130370721113,0.00319557129134915,8.0072961201292e-05,0.923489127925568,1e-04,1.79e-05,4.7725,2.3575,1,"2093;4099;6092;8092;10094;12094;14095;16094;18099;20092;","177;178;176;176;175;174;174;174;173;172;","4.792275;4.81935;4.7652;4.7652;4.738125;4.71105;4.71105;4.71105;4.683975;4.6569;","4.7725;","2.3575;",0,4.7e-06,0.0687358,40.6520328562409
"52","10/18/2023 5:13:55 PM","Hultine Cottonwood",1.2,1,NA,6130,6130,-3.482,1.1e-06,0.0164367,0.001481,96.83,"","k",0,0,20,1.0021,"Lee","rotor 1","Populus fremontii","DBG","branch",NA,0.2627,0.02708,"AUTO_CAMERA",26,"kg.m-1.Mpa-1.s-1",-0.000736825033113733,0.00240567237432644,3.32600926359938e-05,0.843433948203712,1e-04,1.79e-05,4.7725,2.3575,1,"2099;4099;6103;8103;10102;12103;14102;16100;18102;20100;","194;194;194;194;194;193;193;192;192;192;","5.25255;5.25255;5.25255;5.25255;5.25255;5.225475;5.225475;5.1984;5.1984;5.1984;","4.7725;","2.3575;",0,4.7e-06,0.0687358,76.0871336334196
"53","10/18/2023 5:14:18 PM","Hultine Cottonwood",1.2,1,NA,6130,6130,-3.482,1.4e-06,0.0209538,0.004551,95.96,"","k",0,0,20,1.0021,"Lee","rotor 1","Populus fremontii","DBG","branch",NA,0.2627,0.02708,"AUTO_CAMERA",26,"kg.m-1.Mpa-1.s-1",-0.000939318479122311,-0.00258977383169392,0.000102229745379705,0.674413435155579,1e-04,1.79e-05,4.7725,2.3575,1,"2099;4099;6100;8099;10099;12096;14097;16098;18102;","192;190;191;191;190;190;190;188;189;","5.1984;5.14425;5.171325;5.171325;5.14425;5.14425;5.14425;5.0901;5.117175;","4.7725;","2.3575;",0,4.7e-06,0.0687358,69.5154490091044
"54","10/18/2023 5:14:42 PM","Hultine Cottonwood",1.2,1,NA,6130,6130,-3.482,1.4e-06,0.0199577,0.002092,96.15,"","k",0,0,20,1.0021,"Lee","rotor 1","Populus fremontii","DBG","branch",NA,0.2627,0.02708,"AUTO_CAMERA",26,"kg.m-1.Mpa-1.s-1",-0.000894664214280296,0.000413582018098711,4.6997284047474e-05,0.848933663789485,1e-04,1.79e-05,4.7725,2.3575,1,"2090;4093;6090;8087;10090;12090;14090;16090;18090;20089;","188;188;187;187;187;187;186;185;186;185;","5.0901;5.0901;5.063025;5.063025;5.063025;5.063025;5.03595;5.008875;5.03595;5.008875;","4.7725;","2.3575;",0,4.7e-06,0.0687358,70.9646210562764
"55","10/18/2023 5:15:27 PM","Hultine Cottonwood",1.2,1,NA,6330,6330,-3.713,0,0.0006656,0.001826,99.87,"","l",0,0,20,1.0021,"Lee","rotor 1","Populus fremontii","DBG","branch",NA,0.2801,0.02708,"AUTO_CAMERA",26,"kg.m-1.Mpa-1.s-1",-3.18170668339063e-05,0.00133583688847225,4.37269489892496e-05,0.00758489435824498,1e-04,1.79e-05,4.7725,2.3575,1,"2097;4094;6092;8096;10092;12093;14097;16095;18098;20099;","194;194;194;195;194;195;194;194;194;194;","5.25255;5.25255;5.25255;5.279625;5.25255;5.279625;5.25255;5.25255;5.25255;5.25255;","4.7725;","2.3575;",0,4.7e-06,0.0687358,99.031654538101
"56","10/18/2023 5:15:36 PM","Hultine Cottonwood",1.2,1,NA,6330,6330,-3.713,0,0,0.001748,105.34,"","l",0,0,20,1.0021,"Lee","rotor 1","Populus fremontii","DBG","branch",NA,0.2801,0.02708,"AUTO_CAMERA",26,"kg.m-1.Mpa-1.s-1",0.0013246091200427,0.00264247674916579,4.18751661258248e-05,0.251144676289253,1e-04,1.79e-05,4.7725,2.3575,1,"2099;4099;6100;","192;194;193;","5.1984;5.25255;5.225475;","4.7725;","2.3575;",0,4.7e-06,0.0687358,100
"57","10/18/2023 5:16:07 PM","Hultine Cottonwood",1.2,1,NA,6530,6530,-3.951,4e-07,0.0053048,0.000796,98.98,"","m",0,0,20,1.0021,"Lee","rotor 1","Populus fremontii","DBG","branch",NA,0.2981,0.02708,"AUTO_CAMERA",26,"kg.m-1.Mpa-1.s-1",-0.000269850858365381,-0.000536336893942327,2.0278889037001e-05,0.0669870709811176,1e-04,1.79e-05,4.7725,2.3575,1,"2102;4101;6104;8100;","190;190;189;190;","5.14425;5.14425;5.117175;5.14425;","4.7725;","2.3575;",0,4.7e-06,0.0687358,92.2823332237349
"58","10/18/2023 5:16:23 PM","Hultine Cottonwood",1.2,1,NA,6530,6530,-3.951,0,3.54e-05,0.000766,99.99,"","m",0,0,20,1.0021,"Lee","rotor 1","Populus fremontii","DBG","branch",NA,0.2981,0.02708,"AUTO_CAMERA",26,"kg.m-1.Mpa-1.s-1",-1.79835577866707e-06,-0.00180015278567903,1.95212162194015e-05,1.32934054821798e-06,1e-04,1.79e-05,4.7725,2.3575,1,"2093;4100;6099;","189;188;189;","5.117175;5.0901;5.117175;","4.7725;","2.3575;",0,4.7e-06,0.0687358,99.9484984534988
"59","10/20/2023 11:50:10 AM","Hultine Cottonwood",10,1,NA,3230,3230,-0.967,1.08e-05,0.1469418,0.031907,71.69,"","a",0,0,20,1.0021,"Lee","rotor 1","Populus fremontii","DBG","branch",NA,0.0729,0.02708,"AUTO_CAMERA",26,"kg.m-1.Mpa-1.s-1",-0.00198040729660384,0.00230253052442577,0.000215461685890471,0.710814110993422,1e-04,1.91e-05,4.9375,3.37,1,"1601;3101;4601;6098;7602;9100;10602;12102;13602;","191;191;190;190;189;191;187;187;187;","5.171325;5.171325;5.14425;5.14425;5.117175;5.171325;5.063025;5.063025;5.063025;","4.9375;","3.37;",0,1.29e-05,0.1761712,16.5914746564705
"60","10/20/2023 11:50:31 AM","Hultine Cottonwood",10,1,NA,3230,3230,-0.967,1.34e-05,0.1822675,0.007312,64.88,"","a",0,0,20,1.0021,"Lee","rotor 1","Populus fremontii","DBG","branch",NA,0.0729,0.02708,"AUTO_CAMERA",26,"kg.m-1.Mpa-1.s-1",-0.00245650843552948,0.00280013816192446,4.93751316595743e-05,0.942837663612149,1e-04,1.91e-05,4.9375,3.37,1,"1603;3103;4604;6103;7602;9103;10601;12099;13604;","182;182;182;180;180;179;179;178;177;","4.92765;4.92765;4.92765;4.8735;4.8735;4.846425;4.846425;4.81935;4.792275;","4.9375;","3.37;",0,1.29e-05,0.1761712,0
"61","10/20/2023 11:50:48 AM","Hultine Cottonwood",10,1,NA,3230,3230,-0.967,1.22e-05,0.166435,0.011955,67.93,"","a",0,0,20,1.0021,"Lee","rotor 1","Populus fremontii","DBG","branch",NA,0.0729,0.02708,"AUTO_CAMERA",26,"kg.m-1.Mpa-1.s-1",-0.00224312662165811,0.00619107989143697,8.07290024765613e-05,0.893745610924624,1e-04,1.91e-05,4.9375,3.37,1,"1605;3102;4602;6100;7602;9099;10601;12102;13602;","173;174;173;173;172;171;171;170;169;","4.683975;4.71105;4.683975;4.683975;4.6569;4.629825;4.629825;4.60275;4.575675;","4.9375;","3.37;",0,1.29e-05,0.1761712,5.52655598644954
"62","10/20/2023 11:53:56 AM","Hultine Cottonwood",10,1,NA,4030,4030,-1.505,1.29e-05,0.1761743,0.006623,66.06,"","c",0,0,20,1.0021,"Lee","rotor 1","Populus fremontii","DBG","branch",NA,0.1135,0.02708,"AUTO_CAMERA",26,"kg.m-1.Mpa-1.s-1",-0.00369621076936274,-0.00210350309611362,6.9622602016496e-05,0.973285376973967,1e-04,1.91e-05,4.9375,3.37,1,"1583;3078;4576;6077;7587;9078;10583;12082;13580;15080;","192;191;189;189;187;186;185;184;184;183;","5.1984;5.171325;5.117175;5.117175;5.063025;5.03595;5.008875;4.9818;4.9818;4.954725;","4.9375;","3.37;",0,1.29e-05,0.1761712,0
"63","10/20/2023 11:54:15 AM","Hultine Cottonwood",10,1,NA,4030,4030,-1.505,1.29e-05,0.1755212,0.011255,66.18,"","c",0,0,20,1.0021,"Lee","rotor 1","Populus fremontii","DBG","branch",NA,0.1135,0.02708,"AUTO_CAMERA",26,"kg.m-1.Mpa-1.s-1",-0.00368250698244697,9.5732678579466e-05,0.000118309389555622,0.955135698115047,1e-04,1.91e-05,4.9375,3.37,1,"1584;3079;4583;6085;7582;9088;10586;12084;13585;15086;","180;178;178;178;176;176;175;173;172;171;","4.8735;4.81935;4.81935;4.81935;4.7652;4.7652;4.738125;4.683975;4.6569;4.629825;","4.9375;","3.37;",0,1.29e-05,0.1761712,0.36895928505909
"64","10/20/2023 11:54:37 AM","Hultine Cottonwood",10,1,NA,4030,4030,-1.505,1.29e-05,0.1761712,0.006664,66.06,"","c",0,0,20,1.0021,"Lee","rotor 1","Populus fremontii","DBG","branch",NA,0.1135,0.02708,"AUTO_CAMERA",26,"kg.m-1.Mpa-1.s-1",-0.00369614461410818,-0.00206975893695699,7.00553730889252e-05,0.973177121751231,1e-04,1.91e-05,4.9375,3.37,1,"1577;3073;4572;6076;7576;9075;10661;12075;13577;15075;","192;190;190;189;187;186;185;185;183;183;","5.1984;5.14425;5.14425;5.117175;5.063025;5.03595;5.008875;5.008875;4.954725;4.954725;","4.9375;","3.37;",0,1.29e-05,0.1761712,0
"65","10/20/2023 11:55:31 AM","Hultine Cottonwood",10,1,NA,4330,4330,-1.737,1.19e-05,0.1613254,0.00738,68.91,"","d",0,0,20,1.0021,"Lee","rotor 1","Populus fremontii","DBG","branch",NA,0.1311,0.02708,"AUTO_CAMERA",26,"kg.m-1.Mpa-1.s-1",-0.00390735163629668,-0.00450015717701757,8.95621377482466e-05,0.969378477227311,1e-04,1.91e-05,4.9375,3.37,1,"1580;3082;4582;6083;7580;9081;10582;12083;13588;15081;","192;190;189;187;187;185;185;183;183;182;","5.1984;5.14425;5.117175;5.063025;5.063025;5.008875;5.008875;4.954725;4.954725;4.92765;","4.9375;","3.37;",0,1.29e-05,0.1761712,8.42691654481549
"66","10/20/2023 11:55:50 AM","Hultine Cottonwood",10,1,NA,4330,4330,-1.737,1.14e-05,0.1553857,0.006691,70.06,"","d",0,0,20,1.0021,"Lee","rotor 1","Populus fremontii","DBG","branch",NA,0.1311,0.02708,"AUTO_CAMERA",26,"kg.m-1.Mpa-1.s-1",-0.00376349149162113,0.00270387358540994,8.11971705218898e-05,0.97002720349683,1e-04,1.91e-05,4.9375,3.37,1,"1588;3085;4598;6087;7586;9085;10585;12087;13590;15084;","178;178;176;176;174;174;173;172;171;169;","4.81935;4.81935;4.7652;4.7652;4.71105;4.71105;4.683975;4.6569;4.629825;4.575675;","4.9375;","3.37;",0,1.29e-05,0.1761712,11.7984664916854
"67","10/20/2023 11:56:11 AM","Hultine Cottonwood",10,1,NA,4330,4330,-1.737,1.21e-05,0.1644363,0.018868,68.32,"","d",0,0,20,1.0021,"Lee","rotor 1","Populus fremontii","DBG","branch",NA,0.1311,0.02708,"AUTO_CAMERA",26,"kg.m-1.Mpa-1.s-1",-0.00398269907457024,-0.00566112516527584,0.000228972064655069,0.927847168943544,1e-04,1.91e-05,4.9375,3.37,1,"1582;3080;4581;6081;7578;9081;10579;12079;13585;15080;","192;189;189;186;188;185;184;183;183;181;","5.1984;5.117175;5.117175;5.03595;5.0901;5.008875;4.9818;4.954725;4.954725;4.900575;","4.9375;","3.37;",0,1.29e-05,0.1761712,6.66107740652274
"68","10/20/2023 11:57:07 AM","Hultine Cottonwood",10,1,NA,4630,4630,-1.986,1.2e-05,0.1629636,0.003016,68.6,"","e",0,0,20,1.0021,"Lee","rotor 1","Populus fremontii","DBG","branch",NA,0.1499,0.02708,"AUTO_CAMERA",26,"kg.m-1.Mpa-1.s-1",-0.00451291010202664,-0.00101171509929314,4.1848863780228e-05,0.989047696451431,1e-04,1.91e-05,4.9375,3.37,1,"1576;3078;4576;6078;7575;9076;10576;12075;13577;15073;","192;190;190;188;187;185;184;183;182;181;","5.1984;5.14425;5.14425;5.0901;5.063025;5.008875;4.9818;4.954725;4.92765;4.900575;","4.9375;","3.37;",0,1.29e-05,0.1761712,7.49702562053276
"69","10/20/2023 11:57:25 AM","Hultine Cottonwood",10,1,NA,4630,4630,-1.986,1.12e-05,0.1523037,0.005069,70.65,"","e",0,0,20,1.0021,"Lee","rotor 1","Populus fremontii","DBG","branch",NA,0.1499,0.02708,"AUTO_CAMERA",26,"kg.m-1.Mpa-1.s-1",-0.00421770617530445,0.00444021576847287,7.03350914093251e-05,0.979130209946009,1e-04,1.91e-05,4.9375,3.37,1,"1572;3081;4576;6071;7571;9072;10572;12071;13572;15072;","177;177;176;174;174;173;171;170;169;168;","4.792275;4.792275;4.7652;4.71105;4.71105;4.683975;4.629825;4.60275;4.575675;4.5486;","4.9375;","3.37;",0,1.29e-05,0.1761712,13.5479011325347
"70","10/20/2023 11:57:42 AM","Hultine Cottonwood",10,1,NA,4630,4630,-1.986,1.22e-05,0.1666582,0.00296,67.89,"","e",0,0,20,1.0021,"Lee","rotor 1","Populus fremontii","DBG","branch",NA,0.1499,0.02708,"AUTO_CAMERA",26,"kg.m-1.Mpa-1.s-1",-0.00461522139193403,0.00132552357288201,4.10681861897192e-05,0.985917637775158,1e-04,1.91e-05,4.9375,3.37,1,"1587;3088;4588;6089;7588;9087;10584;12087;13589;","166;165;164;163;162;161;159;159;157;","4.49445;4.467375;4.4403;4.413225;4.38615;4.359075;4.304925;4.304925;4.250775;","4.9375;","3.37;",0,1.29e-05,0.1761712,5.39986104425695
"71","10/20/2023 11:58:34 AM","Hultine Cottonwood",10,1,NA,4930,4930,-2.252,9.7e-06,0.1320994,0.002336,74.55,"","f",0,0,20,1.0021,"Lee","rotor 1","Populus fremontii","DBG","branch",NA,0.1699,0.02708,"AUTO_CAMERA",26,"kg.m-1.Mpa-1.s-1",-0.00414761797020038,-0.0012408133162868,3.6756684512664e-05,0.988629179385364,1e-04,1.91e-05,4.9375,3.37,1,"1568;3071;4572;6071;7573;9077;10572;12075;13578;15071;","192;191;189;188;187;186;185;184;182;182;","5.1984;5.171325;5.117175;5.0901;5.063025;5.03595;5.008875;4.9818;4.92765;4.92765;","4.9375;","3.37;",0,1.29e-05,0.1761712,25.0164612604103
"72","10/20/2023 11:58:52 AM","Hultine Cottonwood",10,1,NA,4930,4930,-2.252,8.6e-06,0.1177244,0.001352,77.32,"","f",0,0,20,1.0021,"Lee","rotor 1","Populus fremontii","DBG","branch",NA,0.1699,0.02708,"AUTO_CAMERA",26,"kg.m-1.Mpa-1.s-1",-0.00369627647464954,-0.000673570033059975,2.12753515849671e-05,0.991677035285604,1e-04,1.91e-05,4.9375,3.37,1,"1585;3083;4589;6086;7584;9081;10581;12083;13587;15081;","178;177;176;175;174;173;172;171;170;170;","4.81935;4.792275;4.7652;4.738125;4.71105;4.683975;4.6569;4.629825;4.60275;4.60275;","4.9375;","3.37;",0,1.29e-05,0.1761712,33.1761377569092
"73","10/20/2023 11:59:11 AM","Hultine Cottonwood",10,1,NA,4930,4930,-2.252,8.6e-06,0.1168156,0.023751,77.49,"","f",0,0,20,1.0021,"Lee","rotor 1","Populus fremontii","DBG","branch",NA,0.1699,0.02708,"AUTO_CAMERA",26,"kg.m-1.Mpa-1.s-1",-0.00366773986341009,0.0083639143795354,0.000373638317127806,0.869746511672042,1e-04,1.91e-05,4.9375,3.37,1,"1586;3098;4584;6089;7583;9084;10585;12085;13586;15084;","164;165;164;165;161;160;160;159;158;158;","4.4403;4.467375;4.4403;4.467375;4.359075;4.332;4.332;4.304925;4.27785;4.27785;","4.9375;","3.37;",0,1.29e-05,0.1761712,33.6919996003887
"74","10/20/2023 12:00:05 PM","Hultine Cottonwood",10,1,NA,5230,5230,-2.535,7.5e-06,0.1024456,0.004759,80.26,"","g",0,0,20,1.0021,"Lee","rotor 1","Populus fremontii","DBG","branch",NA,0.1912,0.02708,"AUTO_CAMERA",26,"kg.m-1.Mpa-1.s-1",-0.00361993560878301,-0.0047737214727684,8.4261336304828e-05,0.96653557796163,1e-04,1.91e-05,4.9375,3.37,1,"1576;3081;4577;6080;7580;9081;10582;12081;13585;15077;","192;189;189;188;187;186;186;184;183;182;","5.1984;5.117175;5.117175;5.0901;5.063025;5.03595;5.03595;4.9818;4.954725;4.92765;","4.9375;","3.37;",0,1.29e-05,0.1761712,41.848837948541
"75","10/20/2023 12:00:23 PM","Hultine Cottonwood",10,1,NA,5230,5230,-2.535,8.1e-06,0.1103522,0.003168,78.74,"","g",0,0,20,1.0021,"Lee","rotor 1","Populus fremontii","DBG","branch",NA,0.1912,0.02708,"AUTO_CAMERA",26,"kg.m-1.Mpa-1.s-1",-0.00389931448645482,-0.000913723945139089,5.60912757593687e-05,0.980506627188208,1e-04,1.91e-05,4.9375,3.37,1,"1582;3094;4583;6085;7581;9084;10588;12083;13586;15082;","179;177;177;176;175;174;173;172;170;170;","4.846425;4.792275;4.792275;4.7652;4.738125;4.71105;4.683975;4.6569;4.60275;4.60275;","4.9375;","3.37;",0,1.29e-05,0.1761712,37.3608172050823
"76","10/20/2023 12:00:42 PM","Hultine Cottonwood",10,1,NA,5230,5230,-2.535,8e-06,0.109569,0.005639,78.89,"","g",0,0,20,1.0021,"Lee","rotor 1","Populus fremontii","DBG","branch",NA,0.1912,0.02708,"AUTO_CAMERA",26,"kg.m-1.Mpa-1.s-1",-0.00387164134195436,-0.0010113725071054,9.98419196196596e-05,0.965373155810784,1e-04,1.91e-05,4.9375,3.37,1,"1582;3080;4581;6083;7584;9080;10579;12081;13584;15086;","168;167;165;165;164;164;162;162;160;159;","4.5486;4.521525;4.467375;4.467375;4.4403;4.4403;4.38615;4.38615;4.332;4.304925;","4.9375;","3.37;",0,1.29e-05,0.1761712,37.805384762095
"77","10/20/2023 12:01:39 PM","Hultine Cottonwood",10,1,NA,5430,5430,-2.732,6.4e-06,0.0877001,0.003656,83.1,"","h",0,0,20,1.0021,"Lee","rotor 1","Populus fremontii","DBG","branch",NA,0.2061,0.02708,"AUTO_CAMERA",26,"kg.m-1.Mpa-1.s-1",-0.00334044139959224,-0.00228765004339725,6.97665958368715e-05,0.967434470616678,1e-04,1.91e-05,4.9375,3.37,1,"1576;3077;4574;6078;7581;9077;10576;12077;13582;15080;","192;191;189;188;188;187;186;186;184;183;","5.1984;5.171325;5.117175;5.0901;5.0901;5.063025;5.03595;5.03595;4.9818;4.954725;","4.9375;","3.37;",0,1.29e-05,0.1761712,50.2188212375235
"78","10/20/2023 12:01:57 PM","Hultine Cottonwood",10,1,NA,5430,5430,-2.732,5.9e-06,0.0805111,0.008559,84.49,"","h",0,0,20,1.0021,"Lee","rotor 1","Populus fremontii","DBG","branch",NA,0.2061,0.02708,"AUTO_CAMERA",26,"kg.m-1.Mpa-1.s-1",-0.00306661744652547,-0.00287094395740644,0.00016334582164682,0.914440975595871,1e-04,1.91e-05,4.9375,3.37,1,"1580;3078;4578;6083;7578;9077;10577;12079;13583;15079;","180;177;178;178;177;175;175;174;173;172;","4.8735;4.792275;4.81935;4.81935;4.792275;4.738125;4.738125;4.71105;4.683975;4.6569;","4.9375;","3.37;",0,1.29e-05,0.1761712,54.2995109302769
"79","10/20/2023 12:02:16 PM","Hultine Cottonwood",10,1,NA,5430,5430,-2.732,6.8e-06,0.0925746,0.002601,82.16,"","h",0,0,20,1.0021,"Lee","rotor 1","Populus fremontii","DBG","branch",NA,0.2061,0.02708,"AUTO_CAMERA",26,"kg.m-1.Mpa-1.s-1",-0.00352610713416511,0.00300290368735274,4.96396687815174e-05,0.978949461490248,1e-04,1.91e-05,4.9375,3.37,1,"1579;3078;4575;6077;7586;9075;10581;12079;13579;15079;","169;169;168;167;166;165;164;164;162;162;","4.575675;4.575675;4.5486;4.521525;4.49445;4.467375;4.4403;4.4403;4.38615;4.38615;","4.9375;","3.37;",0,1.29e-05,0.1761712,47.4519104144151
"80","10/20/2023 12:03:11 PM","Hultine Cottonwood",10,1,NA,5630,5630,-2.937,4.1e-06,0.0553538,0.003989,89.34,"","i",0,0,20,1.0021,"Lee","rotor 1","Populus fremontii","DBG","branch",NA,0.2216,0.02708,"AUTO_CAMERA",26,"kg.m-1.Mpa-1.s-1",-0.00226656354797961,0.000265922964321896,8.18340405889895e-05,0.920953353141387,1e-04,1.91e-05,4.9375,3.37,1,"1581;3085;4587;6081;7586;9081;10582;12079;13585;15083;","192;192;190;190;189;190;188;188;187;186;","5.1984;5.1984;5.14425;5.14425;5.117175;5.14425;5.0901;5.0901;5.063025;5.03595;","4.9375;","3.37;",0,1.29e-05,0.1761712,68.5795408103027
"81","10/20/2023 12:03:28 PM","Hultine Cottonwood",10,1,NA,5630,5630,-2.937,4.2e-06,0.0577439,0.005367,88.87,"","i",0,0,20,1.0021,"Lee","rotor 1","Populus fremontii","DBG","branch",NA,0.2216,0.02708,"AUTO_CAMERA",26,"kg.m-1.Mpa-1.s-1",-0.00236443324267802,0.00175648040398803,0.0001101151539002,0.872811320776962,1e-04,1.91e-05,4.9375,3.37,1,"1587;3087;4589;6084;7585;9087;10587;12087;13601;","184;184;184;182;181;181;181;179;180;","4.9818;4.9818;4.9818;4.92765;4.900575;4.900575;4.900575;4.846425;4.8735;","4.9375;","3.37;",0,1.29e-05,0.1761712,67.222849137657
"82","10/20/2023 12:03:46 PM","Hultine Cottonwood",10,1,NA,5630,5630,-2.937,4.4e-06,0.059341,0.009927,88.57,"","i",0,0,20,1.0021,"Lee","rotor 1","Populus fremontii","DBG","branch",NA,0.2216,0.02708,"AUTO_CAMERA",26,"kg.m-1.Mpa-1.s-1",-0.00242982669527211,0.00302525505201036,0.000203674207027911,0.843277959771035,1e-04,1.91e-05,4.9375,3.37,1,"1574;3080;4584;6079;7575;9078;10576;12077;13579;15079;","177;176;177;177;175;174;173;174;173;171;","4.792275;4.7652;4.792275;4.792275;4.738125;4.71105;4.683975;4.71105;4.683975;4.629825;","4.9375;","3.37;",0,1.29e-05,0.1761712,66.3162877927834
"83","10/20/2023 12:04:39 PM","Hultine Cottonwood",10,1,NA,5930,5930,-3.259,9e-07,0.0121848,0.002861,97.65,"","j",0,0,20,1.0021,"Lee","rotor 1","Populus fremontii","DBG","branch",NA,0.2458,0.02708,"AUTO_CAMERA",26,"kg.m-1.Mpa-1.s-1",-0.00055351984940849,0.0016233510305878,6.51271629254197e-05,0.466197801678614,1e-04,1.91e-05,4.9375,3.37,1,"1582;3080;4581;6079;7581;9082;10581;12080;13583;15081;","194;194;195;194;193;193;194;193;193;193;","5.25255;5.25255;5.279625;5.25255;5.225475;5.225475;5.25255;5.225475;5.225475;5.225475;","4.9375;","3.37;",0,1.29e-05,0.1761712,93.0835460052494
"84","10/20/2023 12:04:57 PM","Hultine Cottonwood",10,1,NA,5930,5930,-3.259,3e-07,0.0047159,0.005076,99.09,"","j",0,0,20,1.0021,"Lee","rotor 1","Populus fremontii","DBG","branch",NA,0.2458,0.02708,"AUTO_CAMERA",26,"kg.m-1.Mpa-1.s-1",-0.00021422936096794,-0.00173810504383198,0.000115532202060196,0.0686612033858041,1e-04,1.91e-05,4.9375,3.37,1,"1591;3086;4586;6087;7587;9087;10587;12089;13588;15085;","193;193;193;192;192;191;192;193;193;192;","5.225475;5.225475;5.225475;5.1984;5.1984;5.171325;5.1984;5.225475;5.225475;5.1984;","4.9375;","3.37;",0,1.29e-05,0.1761712,97.323115242446
"85","10/20/2023 12:05:14 PM","Hultine Cottonwood",10,1,NA,5930,5930,-3.259,3e-07,0.0038442,0.014309,99.26,"","j",0,0,20,1.0021,"Lee","rotor 1","Populus fremontii","DBG","branch",NA,0.2458,0.02708,"AUTO_CAMERA",26,"kg.m-1.Mpa-1.s-1",-0.000174628606316364,-0.00545287518886597,0.000325683280894188,0.0124833988784702,1e-04,1.91e-05,4.9375,3.37,1,"1590;3088;4588;6087;7587;9087;10586;12090;13590;","193;192;193;189;191;192;192;192;192;","5.225475;5.1984;5.225475;5.117175;5.171325;5.1984;5.1984;5.1984;5.1984;","4.9375;","3.37;",0,1.29e-05,0.1761712,97.8179180251937
"86","10/20/2023 12:06:12 PM","Hultine Cottonwood",10,1,NA,6130,6130,-3.482,5e-07,0.0061667,0.00891,98.81,"","k",0,0,20,1.0021,"Lee","rotor 1","Populus fremontii","DBG","branch",NA,0.2627,0.02708,"AUTO_CAMERA",26,"kg.m-1.Mpa-1.s-1",-0.000299347377961791,-9.69195021484917e-05,0.000216702350389798,0.0712958639355345,1e-04,1.91e-05,4.9375,3.37,1,"1585;3086;4586;6086;7584;9084;10586;12085;13588;15086;","194;193;195;193;193;194;194;195;193;192;","5.25255;5.225475;5.279625;5.225475;5.225475;5.25255;5.25255;5.279625;5.225475;5.1984;","4.9375;","3.37;",0,1.29e-05,0.1761712,96.4995981181941
"87","10/20/2023 12:06:30 PM","Hultine Cottonwood",10,1,NA,6130,6130,-3.482,4e-07,0.004827,0.008835,99.07,"","k",0,0,20,1.0021,"Lee","rotor 1","Populus fremontii","DBG","branch",NA,0.2627,0.02708,"AUTO_CAMERA",26,"kg.m-1.Mpa-1.s-1",-0.000234317893784982,-0.00525663842951134,0.000214887215264684,0.0452743552239723,1e-04,1.91e-05,4.9375,3.37,1,"1580;3080;4580;6077;7577;9079;10576;12077;13581;15079;","195;193;194;194;194;193;192;195;193;194;","5.279625;5.225475;5.25255;5.25255;5.25255;5.225475;5.1984;5.279625;5.225475;5.25255;","4.9375;","3.37;",0,1.29e-05,0.1761712,97.2600515861843
"88","10/20/2023 12:06:49 PM","Hultine Cottonwood",10,1,NA,6130,6130,-3.482,3e-07,0.0043926,0.020001,99.15,"","k",0,0,20,1.0021,"Lee","rotor 1","Populus fremontii","DBG","branch",NA,0.2627,0.02708,"AUTO_CAMERA",26,"kg.m-1.Mpa-1.s-1",-0.000213231376357398,0.00247316210984434,0.000486479740365612,0.0170588167116511,1e-04,1.91e-05,4.9375,3.37,1,"1572;3074;4576;6074;7573;9076;10577;12072;13576;15076;","193;194;194;195;192;190;194;193;194;193;","5.225475;5.25255;5.25255;5.279625;5.1984;5.14425;5.25255;5.225475;5.25255;5.225475;","4.9375;","3.37;",0,1.29e-05,0.1761712,97.5066299145377
"89","10/20/2023 12:07:41 PM","Hultine Cottonwood",10,1,NA,6330,6330,-3.713,7e-07,0.0090567,0.010804,98.25,"","l",0,0,20,1.0021,"Lee","rotor 1","Populus fremontii","DBG","branch",NA,0.2801,0.02708,"AUTO_CAMERA",26,"kg.m-1.Mpa-1.s-1",-0.000468791705127958,0.00737032026106408,0.000280212060222072,0.127123863779072,1e-04,1.91e-05,4.9375,3.37,1,"1577;3076;4577;6075;7573;9078;10576;12077;13579;15079;","193;194;194;196;194;195;193;194;192;193;","5.225475;5.25255;5.25255;5.3067;5.25255;5.279625;5.225475;5.25255;5.1984;5.225475;","4.9375;","3.37;",0,1.29e-05,0.1761712,94.8591483738545
"90","10/20/2023 12:07:48 PM","Hultine Cottonwood",10,1,NA,6330,6330,-3.713,0,0,0.0016,106.51,"","l",0,0,20,1.0021,"Lee","rotor 1","Populus fremontii","DBG","branch",NA,0.2801,0.02708,"AUTO_CAMERA",26,"kg.m-1.Mpa-1.s-1",0.00174991826508708,0.00263526596895584,4.15020836750537e-05,0.25026480101825,1e-04,1.91e-05,4.9375,3.37,1,"1570;3071;4578;","193;195;194;","5.225475;5.279625;5.25255;","4.9375;","3.37;",0,1.29e-05,0.1761712,100
"91","10/20/2023 12:08:04 PM","Hultine Cottonwood",10,1,NA,6330,6330,-3.713,0,0,0.004469,119.76,"","l",0,0,20,1.0021,"Lee","rotor 1","Populus fremontii","DBG","branch",NA,0.2801,0.02708,"AUTO_CAMERA",26,"kg.m-1.Mpa-1.s-1",0.00530782980541041,0.004388065235194,0.000115917002736424,0.522211174693806,1e-04,1.91e-05,4.9375,3.37,1,"1588;3090;4587;","191;195;194;","5.171325;5.279625;5.25255;","4.9375;","3.37;",0,1.29e-05,0.1761712,100
"92","10/20/2023 12:08:18 PM","Hultine Cottonwood",10,1,NA,6530,6530,-3.951,0,0,0.000998,100.01,"","m",0,0,20,1.0021,"Lee","rotor 1","Populus fremontii","DBG","branch",NA,0.2981,0.02708,"AUTO_CAMERA",26,"kg.m-1.Mpa-1.s-1",1.40012865870042e-06,-0.00262699092917645,2.75381955471997e-05,8.00426182474448e-07,1e-04,1.91e-05,4.9375,3.37,1,"1581;3078;4577;6080;","195;194;194;195;","5.279625;5.25255;5.25255;5.279625;","4.9375;","3.37;",0,1.29e-05,0.1761712,100
"93","10/20/2023 12:08:24 PM","Hultine Cottonwood",10,1,NA,6530,6530,-3.951,0,0,0.000169,106.13,"","m",0,0,20,1.0021,"Lee","rotor 1","Populus fremontii","DBG","branch",NA,0.2981,0.02708,"AUTO_CAMERA",26,"kg.m-1.Mpa-1.s-1",0.00175339934020836,-0.000879030526966381,4.66407793359014e-06,0.748501005309825,1e-04,1.91e-05,4.9375,3.37,1,"1586;3093;4591;","193;193;194;","5.225475;5.225475;5.25255;","4.9375;","3.37;",0,1.29e-05,0.1761712,100
"94","10/20/2023 12:08:37 PM","Hultine Cottonwood",10,1,NA,6530,6530,-3.951,0,3.55e-05,0.000672,99.99,"","m",0,0,20,1.0021,"Lee","rotor 1","Populus fremontii","DBG","branch",NA,0.2981,0.02708,"AUTO_CAMERA",26,"kg.m-1.Mpa-1.s-1",-1.95472565743416e-06,-0.00175514934064559,1.85450984321768e-05,9.26542660173461e-07,1e-04,1.91e-05,4.9375,3.37,1,"1576;3078;4575;","194;193;194;","5.25255;5.225475;5.25255;","4.9375;","3.37;",0,1.29e-05,0.1761712,99.9798491467391
"95","10/18/2023 1:48:42 PM","Hultine Cottonwood",11,1,NA,3230,3230,-0.967,1.09e-05,0.2349004,0.111949,54.74,"","a",0,0,20,1.0021,"Lee","rotor 1","Populus fremontii","DBG","branch",NA,0.0729,0.02708,"AUTO_CAMERA",26,"kg.m-1.Mpa-1.s-1",-0.00184588375513377,-0.0138923143334762,0.000440776034856729,0.718353386914325,1e-04,1.21e-05,3.9275,1.8475,1,"2100;4099;6098;8099;10100;12097;14099;16099;18100;20096;","194;190;189;188;189;188;186;186;186;187;","5.25255;5.14425;5.117175;5.0901;5.117175;5.0901;5.03595;5.03595;5.03595;5.063025;","3.9275;","1.8475;",0,1.08e-05,0.2310355,0
"96","10/18/2023 1:56:09 PM","Hultine Cottonwood",11,1,NA,4030,4030,-1.505,9.2e-06,0.1974519,0.014096,61.96,"","b",0,0,20,1.0021,"Lee","rotor 1","Populus fremontii","DBG","branch",NA,0.1135,0.02708,"AUTO_CAMERA",26,"kg.m-1.Mpa-1.s-1",-0.00241538918255297,0.00185528159668678,8.63979547410825e-05,0.847724496887721,1e-04,1.21e-05,3.9275,1.8475,1,"1085;2085;3082;4084;5084;6084;7081;8081;9084;10081;","194;194;193;194;192;192;192;192;190;190;","5.25255;5.25255;5.225475;5.25255;5.1984;5.1984;5.1984;5.1984;5.14425;5.14425;","3.9275;","1.8475;",0,1.08e-05,0.2310355,14.5361210723027
"97","10/18/2023 1:57:44 PM","Hultine Cottonwood",11,1,NA,4030,4030,-1.505,8.8e-06,0.188571,0.016598,63.67,"","b",0,0,20,1.0021,"Lee","rotor 1","Populus fremontii","DBG","branch",NA,0.1135,0.02708,"AUTO_CAMERA",26,"kg.m-1.Mpa-1.s-1",-0.00230675035347555,-0.000781914668240353,0.000101729490299819,0.757669426950548,1e-04,1.21e-05,3.9275,1.8475,1,"1163;2186;3159;4160;5163;6157;7159;8156;9158;","194;193;194;192;192;191;191;192;190;","5.25255;5.225475;5.25255;5.1984;5.1984;5.171325;5.171325;5.1984;5.14425;","3.9275;","1.8475;",0,1.08e-05,0.2310355,18.3800757892185
"98","10/18/2023 1:58:05 PM","Hultine Cottonwood",11,1,NA,4030,4030,-1.505,1.16e-05,0.248658,0.010377,52.09,"","b",0,0,20,1.0021,"Lee","rotor 1","Populus fremontii","DBG","branch",NA,0.1135,0.02708,"AUTO_CAMERA",26,"kg.m-1.Mpa-1.s-1",-0.00304178190133214,0.00358980288917098,6.36006534099183e-05,0.89723843419342,1e-04,1.21e-05,3.9275,1.8475,1,"1089;2092;3100;4098;5100;6100;7093;8091;9095;","186;186;186;186;184;184;183;183;182;","5.03595;5.03595;5.03595;5.03595;4.9818;4.9818;4.954725;4.954725;4.92765;","3.9275;","1.8475;",0,1.08e-05,0.2310355,0
"99","10/18/2023 1:58:47 PM","Hultine Cottonwood",11,1,NA,4030,4030,-1.505,9.9e-06,0.2116542,0.002819,59.22,"","b",0,0,20,1.0021,"Lee","rotor 1","Populus fremontii","DBG","branch",NA,0.1135,0.02708,"AUTO_CAMERA",26,"kg.m-1.Mpa-1.s-1",-0.00258912267173881,0.00100032633903706,1.72812508659689e-05,0.96972170879208,1e-04,1.21e-05,3.9275,1.8475,1,"1079;2080;3080;4080;5081;6082;7083;8085;9084;10079;","193;193;192;192;191;191;190;190;189;189;","5.225475;5.225475;5.1984;5.1984;5.171325;5.171325;5.14425;5.14425;5.117175;5.117175;","3.9275;","1.8475;",0,1.08e-05,0.2310355,8.38888395939152
"100","10/18/2023 1:59:02 PM","Hultine Cottonwood",11,1,NA,4030,4030,-1.505,1.06e-05,0.2276255,0.005096,56.14,"","b",0,0,20,1.0021,"Lee","rotor 1","Populus fremontii","DBG","branch",NA,0.1135,0.02708,"AUTO_CAMERA",26,"kg.m-1.Mpa-1.s-1",-0.00278449607157828,0.00187079337468966,3.12370001232579e-05,0.937021267840131,1e-04,1.21e-05,3.9275,1.8475,1,"1109;2103;3103;4108;5101;6103;7103;8103;9103;","185;185;184;184;184;183;182;182;181;","5.008875;5.008875;4.9818;4.9818;4.9818;4.954725;4.92765;4.92765;4.900575;","3.9275;","1.8475;",0,1.08e-05,0.2310355,1.4759636506078
"101","10/18/2023 3:04:17 PM","Hultine Cottonwood",11,1,NA,4330,4330,-1.737,9.9e-06,0.2131919,0.004292,58.92,"","c",0,0,20,1.0021,"Lee","rotor 1","Populus fremontii","DBG","branch",NA,0.1311,0.02708,"AUTO_CAMERA",26,"kg.m-1.Mpa-1.s-1",-0.00301066339397827,0.0010385467047025,3.03692973265168e-05,0.961032790945279,1e-04,1.21e-05,3.9275,1.8475,1,"1076;2078;3077;4079;5082;6088;7090;8082;9080;10082;","189;189;188;187;187;187;186;185;185;184;","5.117175;5.117175;5.0901;5.063025;5.063025;5.063025;5.03595;5.008875;5.008875;4.9818;","3.9275;","1.8475;",0,1.08e-05,0.2310355,7.72331524808959
"102","10/18/2023 3:04:34 PM","Hultine Cottonwood",11,1,NA,4330,4330,-1.737,1.08e-05,0.2310355,0.012802,55.48,"","c",0,0,20,1.0021,"Lee","rotor 1","Populus fremontii","DBG","branch",NA,0.1311,0.02708,"AUTO_CAMERA",26,"kg.m-1.Mpa-1.s-1",-0.00326264700563548,-0.00200129577848596,9.05819280329496e-05,0.906488020101503,1e-04,1.21e-05,3.9275,1.8475,1,"1090;2090;3094;4093;5091;6092;7093;8091;9093;10088;","179;178;177;176;177;176;176;175;174;173;","4.846425;4.81935;4.792275;4.7652;4.792275;4.7652;4.7652;4.738125;4.71105;4.683975;","3.9275;","1.8475;",0,1.08e-05,0.2310355,0
"103","10/18/2023 3:04:52 PM","Hultine Cottonwood",11,1,NA,4330,4330,-1.737,9.2e-06,0.1985543,0.004749,61.74,"","c",0,0,20,1.0021,"Lee","rotor 1","Populus fremontii","DBG","branch",NA,0.1311,0.02708,"AUTO_CAMERA",26,"kg.m-1.Mpa-1.s-1",-0.00280395356686475,0.00290277860895991,3.36021744921085e-05,0.950703430260345,1e-04,1.21e-05,3.9275,1.8475,1,"1085;2093;3084;4084;5084;6084;7084;8084;9086;10082;","169;169;169;168;168;167;167;166;166;165;","4.575675;4.575675;4.575675;4.5486;4.5486;4.521525;4.521525;4.49445;4.49445;4.467375;","3.9275;","1.8475;",0,1.08e-05,0.2310355,14.0589649642587
"104","10/18/2023 3:06:03 PM","Hultine Cottonwood",11,1,NA,4630,4630,-1.986,1.05e-05,0.2253751,0.010139,56.57,"","d",0,0,20,1.0021,"Lee","rotor 1","Populus fremontii","DBG","branch",NA,0.1499,0.02708,"AUTO_CAMERA",26,"kg.m-1.Mpa-1.s-1",-0.00363901282486779,-0.00136143709447093,8.20255350705156e-05,0.930199795795049,1e-04,1.21e-05,3.9275,1.8475,1,"1081;2082;3084;4082;5085;6080;7082;8083;9085;10085;","192;191;190;189;189;189;188;188;186;185;","5.1984;5.171325;5.14425;5.117175;5.117175;5.117175;5.0901;5.0901;5.03595;5.008875;","3.9275;","1.8475;",0,1.08e-05,0.2310355,2.45001309322593
"105","10/18/2023 3:06:18 PM","Hultine Cottonwood",11,1,NA,4630,4630,-1.986,8.6e-06,0.185466,0.006253,64.26,"","d",0,0,20,1.0021,"Lee","rotor 1","Populus fremontii","DBG","branch",NA,0.1499,0.02708,"AUTO_CAMERA",26,"kg.m-1.Mpa-1.s-1",-0.00299462204381863,-0.000660533505129984,5.05901328917004e-05,0.935981484192084,1e-04,1.21e-05,3.9275,1.8475,1,"1080;2081;3080;4079;5079;6078;7081;8078;9080;10079;","182;181;181;180;180;180;178;178;178;177;","4.92765;4.900575;4.900575;4.8735;4.8735;4.8735;4.81935;4.81935;4.81935;4.792275;","3.9275;","1.8475;",0,1.08e-05,0.2310355,19.7240250957104
"106","10/18/2023 3:06:42 PM","Hultine Cottonwood",11,1,NA,4630,4630,-1.986,1.19e-05,0.2560079,0.01708,50.67,"","d",0,0,20,1.0021,"Lee","rotor 1","Populus fremontii","DBG","branch",NA,0.1499,0.02708,"AUTO_CAMERA",26,"kg.m-1.Mpa-1.s-1",-0.00413362400756893,0.00399784517148746,0.00013817850729016,0.881234632737391,1e-04,1.21e-05,3.9275,1.8475,1,"1088;2090;3086;4087;5089;6089;7087;8088;9089;","192;191;192;191;191;189;188;187;186;","5.1984;5.171325;5.1984;5.171325;5.171325;5.117175;5.0901;5.063025;5.03595;","3.9275;","1.8475;",0,1.08e-05,0.2310355,0
"107","10/18/2023 3:06:56 PM","Hultine Cottonwood",11,1,NA,4630,4630,-1.986,1e-05,0.2157757,0.00469,58.42,"","d",0,0,20,1.0021,"Lee","rotor 1","Populus fremontii","DBG","branch",NA,0.1499,0.02708,"AUTO_CAMERA",26,"kg.m-1.Mpa-1.s-1",-0.00348401545811458,0.000824737850586121,3.79453875048871e-05,0.950419325788419,1e-04,1.21e-05,3.9275,1.8475,1,"1091;2101;3100;4093;5091;6092;7091;8092;9093;","183;182;182;182;181;180;179;179;178;","4.954725;4.92765;4.92765;4.92765;4.900575;4.8735;4.846425;4.846425;4.81935;","3.9275;","1.8475;",0,1.08e-05,0.2310355,6.6049589781657
"108","10/18/2023 3:07:58 PM","Hultine Cottonwood",11,1,NA,4930,4930,-2.252,8.9e-06,0.1908503,0.044739,63.23,"","e",0,0,20,1.0021,"Lee","rotor 1","Populus fremontii","DBG","branch",NA,0.1699,0.02708,"AUTO_CAMERA",26,"kg.m-1.Mpa-1.s-1",-0.00349383443026898,0.00443584984205871,0.000410366122236872,0.710509044811409,1e-04,1.21e-05,3.9275,1.8475,1,"1089;2090;3092;4089;5086;6091;7089;8090;9092;10089;","192;193;191;190;191;189;192;188;187;186;","5.1984;5.225475;5.171325;5.14425;5.171325;5.117175;5.1984;5.0901;5.063025;5.03595;","3.9275;","1.8475;",0,1.08e-05,0.2310355,17.393517446453
"109","10/18/2023 3:08:19 PM","Hultine Cottonwood",11,1,NA,4930,4930,-2.252,8.6e-06,0.1838844,0.006232,64.57,"","e",0,0,20,1.0021,"Lee","rotor 1","Populus fremontii","DBG","branch",NA,0.1699,0.02708,"AUTO_CAMERA",26,"kg.m-1.Mpa-1.s-1",-0.00336631278303043,0.000655323543095287,5.716614346481e-05,0.94236786395273,1e-04,1.21e-05,3.9275,1.8475,1,"1090;2091;3091;4094;5093;6089;7089;8093;9093;10088;","192;192;190;190;190;189;189;188;187;186;","5.1984;5.1984;5.14425;5.14425;5.14425;5.117175;5.117175;5.0901;5.063025;5.03595;","3.9275;","1.8475;",0,1.08e-05,0.2310355,20.4085952158867
"110","10/18/2023 3:08:37 PM","Hultine Cottonwood",11,1,NA,4930,4930,-2.252,7.2e-06,0.155063,0.003627,70.12,"","e",0,0,20,1.0021,"Lee","rotor 1","Populus fremontii","DBG","branch",NA,0.1699,0.02708,"AUTO_CAMERA",26,"kg.m-1.Mpa-1.s-1",-0.00283868848625682,-0.00171260937263406,3.32714396720126e-05,0.952351112742851,1e-04,1.21e-05,3.9275,1.8475,1,"1090;2087;3087;4086;5089;6089;7092;8088;9091;10087;","192;191;191;190;189;189;188;188;188;187;","5.1984;5.171325;5.171325;5.14425;5.117175;5.117175;5.0901;5.0901;5.0901;5.063025;","3.9275;","1.8475;",0,1.08e-05,0.2310355,32.8834746175371
"111","10/18/2023 3:09:36 PM","Hultine Cottonwood",11,1,NA,5230,5230,-2.535,4.7e-06,0.1005696,0.004398,80.62,"","f",0,0,20,1.0021,"Lee","rotor 1","Populus fremontii","DBG","branch",NA,0.1912,0.02708,"AUTO_CAMERA",26,"kg.m-1.Mpa-1.s-1",-0.0020719803787356,-0.00132392673171681,4.54012934708544e-05,0.886359809829723,1e-04,1.21e-05,3.9275,1.8475,1,"1087;2089;3088;4086;5087;6087;7087;8088;9089;10085;","193;192;192;192;191;191;190;190;189;190;","5.225475;5.1984;5.1984;5.1984;5.171325;5.171325;5.14425;5.14425;5.117175;5.14425;","3.9275;","1.8475;",0,1.08e-05,0.2310355,56.4700662885141
"112","10/18/2023 3:09:50 PM","Hultine Cottonwood",11,1,NA,5230,5230,-2.535,4.9e-06,0.1050962,0.010718,79.75,"","f",0,0,20,1.0021,"Lee","rotor 1","Populus fremontii","DBG","branch",NA,0.1912,0.02708,"AUTO_CAMERA",26,"kg.m-1.Mpa-1.s-1",-0.00216523903161601,-0.00393119306375092,0.00011064093688448,0.777466651166826,1e-04,1.21e-05,3.9275,1.8475,1,"1088;2093;3088;4090;5089;6088;7089;8088;9089;10086;","188;186;186;186;187;185;185;184;184;184;","5.0901;5.03595;5.03595;5.03595;5.063025;5.008875;5.008875;4.9818;4.9818;4.9818;","3.9275;","1.8475;",0,1.08e-05,0.2310355,54.5108002882674
"113","10/18/2023 3:10:03 PM","Hultine Cottonwood",11,1,NA,5230,5230,-2.535,6.6e-06,0.1420576,0.00273,72.63,"","f",0,0,20,1.0021,"Lee","rotor 1","Populus fremontii","DBG","branch",NA,0.1912,0.02708,"AUTO_CAMERA",26,"kg.m-1.Mpa-1.s-1",-0.00292673604855457,-0.000210820857750309,2.81796796612054e-05,0.948036587629074,1e-04,1.21e-05,3.9275,1.8475,1,"1153;2154;3152;4159;5151;6152;7154;8153;9157;","182;181;181;181;180;179;179;178;178;","4.92765;4.900575;4.900575;4.900575;4.8735;4.846425;4.846425;4.81935;4.81935;","3.9275;","1.8475;",0,1.08e-05,0.2310355,38.5126528174242
"114","10/18/2023 3:11:27 PM","Hultine Cottonwood",11,1,NA,5430,5430,-2.732,2e-06,0.0427994,0.005801,91.75,"","g",0,0,20,1.0021,"Lee","rotor 1","Populus fremontii","DBG","branch",NA,0.2061,0.02708,"AUTO_CAMERA",26,"kg.m-1.Mpa-1.s-1",-0.000950502825987682,0.000995433472292544,6.45503565749334e-05,0.822079535620514,1e-04,1.21e-05,3.9275,1.8475,1,"2075;4078;6077;8078;10077;12077;14079;16079;18080;20079;","190;190;190;188;189;189;188;188;187;187;","5.14425;5.14425;5.14425;5.0901;5.117175;5.117175;5.0901;5.0901;5.063025;5.063025;","3.9275;","1.8475;",0,1.08e-05,0.2310355,81.474968132603
"115","10/18/2023 3:12:26 PM","Hultine Cottonwood",11,1,NA,5430,5430,-2.732,6e-07,0.0118734,0.0035,97.71,"","g",0,0,20,1.0021,"Lee","rotor 1","Populus fremontii","DBG","branch",NA,0.2061,0.02708,"AUTO_CAMERA",26,"kg.m-1.Mpa-1.s-1",-0.000263688842500295,-0.00140653622637046,3.89443738587806e-05,0.300006631265505,1e-04,1.21e-05,3.9275,1.8475,1,"2123;4123;6121;8125;10125;12123;14123;16121;18127;","194;194;193;193;193;194;193;193;193;","5.25255;5.25255;5.225475;5.225475;5.225475;5.25255;5.225475;5.225475;5.225475;","3.9275;","1.8475;",0,1.08e-05,0.2310355,94.8607897920449
"116","10/18/2023 3:13:15 PM","Hultine Cottonwood",11,1,NA,5430,5430,-2.732,2e-07,0.0050474,0.010915,99.03,"","g",0,0,20,1.0021,"Lee","rotor 1","Populus fremontii","DBG","branch",NA,0.2061,0.02708,"AUTO_CAMERA",26,"kg.m-1.Mpa-1.s-1",-0.000112093082458334,0.00364362480921559,0.000121457605500639,0.0330177137383572,1e-04,1.21e-05,3.9275,1.8475,1,"2083;4088;6086;8086;10085;12084;14089;16087;18088;20085;","193;194;194;194;194;193;192;194;194;193;","5.225475;5.25255;5.25255;5.25255;5.25255;5.225475;5.1984;5.25255;5.25255;5.225475;","3.9275;","1.8475;",0,1.08e-05,0.2310355,97.8153140967514
"117","10/18/2023 3:14:12 PM","Hultine Cottonwood",11,1,NA,5630,5630,-2.937,0,0,0.012696,100.77,"","h",0,0,20,1.0021,"Lee","rotor 1","Populus fremontii","DBG","branch",NA,0.2216,0.02708,"AUTO_CAMERA",26,"kg.m-1.Mpa-1.s-1",9.55071003352999e-05,0.000184499238448971,0.000151873634930364,0.0194371940945647,1e-04,1.21e-05,3.9275,1.8475,1,"2081;4083;6083;8082;10083;12083;14084;16081;18084;20083;","194;195;193;195;194;194;193;195;194;195;","5.25255;5.279625;5.225475;5.279625;5.25255;5.25255;5.225475;5.279625;5.25255;5.279625;","3.9275;","1.8475;",0,1.08e-05,0.2310355,100
"118","10/18/2023 3:14:28 PM","Hultine Cottonwood",11,1,NA,5630,5630,-2.937,0,9.2e-06,0.00155,100,"","h",0,0,20,1.0021,"Lee","rotor 1","Populus fremontii","DBG","branch",NA,0.2216,0.02708,"AUTO_CAMERA",26,"kg.m-1.Mpa-1.s-1",-2.20090267102854e-07,0.00175852189442409,1.85451152280815e-05,2.08646180893776e-08,1e-04,1.21e-05,3.9275,1.8475,1,"2091;4089;6088;","193;194;193;","5.225475;5.25255;5.225475;","3.9275;","1.8475;",0,1.08e-05,0.2310355,99.9960179279808
"119","10/18/2023 3:15:00 PM","Hultine Cottonwood",11,1,NA,5830,5830,-3.15,0,0,0.000365,109.96,"","i",0,0,20,1.0021,"Lee","rotor 1","Populus fremontii","DBG","branch",NA,0.2376,0.02708,"AUTO_CAMERA",26,"kg.m-1.Mpa-1.s-1",0.00132372592297577,0.000884396389094435,4.6882574849224e-06,0.749750208187567,1e-04,1.21e-05,3.9275,1.8475,1,"2089;4090;6093;","192;193;193;","5.1984;5.225475;5.225475;","3.9275;","1.8475;",0,1.08e-05,0.2310355,100
"120","10/6/2023 12:47:40 PM","Hultine_Populus_23",12,1,NA,4020,4020,-1.497,5.5e-06,0.0259801,0.004795,87.57,"","c",0,0,20,1.0021,"Lee","rotor 1","Populus fremontii","DBG","branch",NA,0.113,0.02708,"AUTO_CAMERA",26,"kg.m-1.Mpa-1.s-1",-0.00286513996629759,-0.00235443884753802,0.00026493171033657,0.920754911193165,1e-04,5.55e-05,8.4075,4.7725,1,"2599;5096;7594;10093;12597;15096;17600;20094;22596;","198;196;196;191;192;192;189;188;187;","5.36085;5.3067;5.3067;5.171325;5.1984;5.1984;5.117175;5.0901;5.063025;","8.4075;","4.7725;",0,5.5e-06,0.0257373,0
"121","10/6/2023 12:48:46 PM","Hultine_Populus_23",12,1,NA,4020,4020,-1.497,5.5e-06,0.0257373,0.001856,87.68,"","c",0,0,20,1.0021,"Lee","rotor 1","Populus fremontii","DBG","branch",NA,0.113,0.02708,"AUTO_CAMERA",26,"kg.m-1.Mpa-1.s-1",-0.00283836284156012,-0.00436799555751197,0.000102570009776658,0.967156571489136,1e-04,5.55e-05,8.4075,4.7725,1,"2595;5102;7595;10097;12599;15096;17594;20096;22596;","180;178;176;176;174;172;172;171;170;","4.8735;4.81935;4.7652;4.7652;4.71105;4.6569;4.6569;4.629825;4.60275;","8.4075;","4.7725;",0,5.5e-06,0.0257373,0
"122","10/6/2023 12:54:55 PM","Hultine_Populus_23",12,1,NA,4330,4330,-1.737,5e-06,0.0232302,0.00225,88.89,"","d",0,0,20,1.0021,"Lee","rotor 1","Populus fremontii","DBG","branch",NA,0.1311,0.02708,"AUTO_CAMERA",26,"kg.m-1.Mpa-1.s-1",-0.00297221913857673,-0.00210813887077094,0.000144243857616118,0.969311290370482,1e-04,5.55e-05,8.4075,4.7725,1,"2597;5092;7595;10094;12595;15093;17595;20095;22599;25096;","197;196;193;192;191;189;188;186;187;184;","5.333775;5.3067;5.225475;5.1984;5.171325;5.117175;5.0901;5.03595;5.063025;4.9818;","8.4075;","4.7725;",0,5.5e-06,0.0257373,9.74111503537668
"123","10/6/2023 12:55:28 PM","Hultine_Populus_23",12,1,NA,4330,4330,-1.737,4.7e-06,0.0220566,0.001322,89.44,"","d",0,0,20,1.0021,"Lee","rotor 1","Populus fremontii","DBG","branch",NA,0.1311,0.02708,"AUTO_CAMERA",26,"kg.m-1.Mpa-1.s-1",-0.00282205695557409,-0.00029840717867563,8.47328434783677e-05,0.972422991533672,1e-04,5.55e-05,8.4075,4.7725,1,"2594;5105;7597;10096;12596;15100;17601;20095;22607;","178;177;176;173;173;172;171;170;168;","4.81935;4.792275;4.7652;4.683975;4.683975;4.6569;4.629825;4.60275;4.5486;","8.4075;","4.7725;",0,5.5e-06,0.0257373,14.3010339079857
"124","10/6/2023 12:56:10 PM","Hultine_Populus_23",12,1,NA,4330,4330,-1.737,4.7e-06,0.0219634,0.001205,89.49,"","d",0,0,20,1.0021,"Lee","rotor 1","Populus fremontii","DBG","branch",NA,0.1311,0.02708,"AUTO_CAMERA",26,"kg.m-1.Mpa-1.s-1",-0.00281013173469231,0.000159480057778355,7.72715117742352e-05,0.981366301677414,1e-04,5.55e-05,8.4075,4.7725,1,"2604;5096;7597;10096;12597;15096;17594;20094;22596;25094;","162;161;160;158;158;156;156;155;153;152;","4.38615;4.359075;4.332;4.27785;4.27785;4.2237;4.2237;4.196625;4.142475;4.1154;","8.4075;","4.7725;",0,5.5e-06,0.0257373,14.6631542547198
"125","10/6/2023 12:57:55 PM","Hultine_Populus_23",12,1,NA,4630,4630,-1.986,5.1e-06,0.0240156,0.001056,88.51,"","e",0,0,20,1.0021,"Lee","rotor 1","Populus fremontii","DBG","branch",NA,0.1499,0.02708,"AUTO_CAMERA",26,"kg.m-1.Mpa-1.s-1",-0.00351324134031984,0.00335158202917744,7.7406333326615e-05,0.987979575982758,1e-04,5.55e-05,8.4075,4.7725,1,"2600;5099;7596;10093;12595;15099;17597;20093;22598;25093;","197;197;194;192;191;190;188;186;184;183;","5.333775;5.333775;5.25255;5.1984;5.171325;5.14425;5.0901;5.03595;4.9818;4.954725;","8.4075;","4.7725;",0,5.5e-06,0.0257373,6.68951288596705
"126","10/6/2023 12:58:44 PM","Hultine_Populus_23",12,1,NA,4630,4630,-1.986,3.9e-06,0.0184454,0.000697,91.17,"","e",0,0,20,1.0021,"Lee","rotor 1","Populus fremontii","DBG","branch",NA,0.1499,0.02708,"AUTO_CAMERA",26,"kg.m-1.Mpa-1.s-1",-0.00269838095284073,-0.00348916978496535,5.11181681227567e-05,0.986562992006345,1e-04,5.55e-05,8.4075,4.7725,1,"2588;5089;7590;10106;12591;15086;17590;20088;22587;25089;","169;167;166;165;164;163;162;160;160;159;","4.575675;4.521525;4.49445;4.467375;4.4403;4.413225;4.38615;4.332;4.332;4.304925;","8.4075;","4.7725;",0,5.5e-06,0.0257373,28.332031720499
"127","10/6/2023 1:01:05 PM","Hultine_Populus_23",12,1,NA,4630,4630,-1.986,4.2e-06,0.0195105,0.002169,90.67,"","e",0,0,20,1.0021,"Lee","rotor 1","Populus fremontii","DBG","branch",NA,0.1499,0.02708,"AUTO_CAMERA",26,"kg.m-1.Mpa-1.s-1",-0.00285418139248049,0.000833890578902302,0.000158985474123176,0.963535254412349,1e-04,5.55e-05,8.4075,4.7725,1,"2592;5090;7592;10094;12593;15093;17590;20094;22594;25092;","146;145;144;143;142;141;141;140;137;137;","3.95295;3.925875;3.8988;3.871725;3.84465;3.817575;3.817575;3.7905;3.709275;3.709275;","8.4075;","4.7725;",0,5.5e-06,0.0257373,24.1936799897425
"128","10/6/2023 1:03:41 PM","Hultine_Populus_23",12,1,NA,4930,4930,-2.252,4.9e-06,0.0227692,0.001178,89.11,"","f",0,0,20,1.0021,"Lee","rotor 1","Populus fremontii","DBG","branch",NA,0.1699,0.02708,"AUTO_CAMERA",26,"kg.m-1.Mpa-1.s-1",-0.0037765435660882,-0.000939633853513749,9.79021617344246e-05,0.986863739471157,1e-04,5.55e-05,8.4075,4.7725,1,"2587;5086;7585;10084;12588;15086;17587;20086;22588;25087;","196;194;192;190;189;188;185;183;181;181;","5.3067;5.25255;5.1984;5.14425;5.117175;5.0901;5.008875;4.954725;4.900575;4.900575;","8.4075;","4.7725;",0,5.5e-06,0.0257373,11.532289711819
"129","10/6/2023 1:04:15 PM","Hultine_Populus_23",12,1,NA,4930,4930,-2.252,4.4e-06,0.0204902,0.000541,90.2,"","f",0,0,20,1.0021,"Lee","rotor 1","Populus fremontii","DBG","branch",NA,0.1699,0.02708,"AUTO_CAMERA",26,"kg.m-1.Mpa-1.s-1",-0.00339854519689347,-0.0011948755744856,4.49726036475357e-05,0.992505621074888,1e-04,5.55e-05,8.4075,4.7725,1,"2582;5084;7582;10086;12581;15084;17584;20084;22586;25081;","175;173;172;171;169;167;166;165;164;162;","4.738125;4.683975;4.6569;4.629825;4.575675;4.521525;4.49445;4.467375;4.4403;4.38615;","8.4075;","4.7725;",0,5.5e-06,0.0257373,20.3871423964441
"130","10/6/2023 1:04:57 PM","Hultine_Populus_23",12,1,NA,4930,4930,-2.252,4.3e-06,0.0199203,0.001714,90.47,"","f",0,0,20,1.0021,"Lee","rotor 1","Populus fremontii","DBG","branch",NA,0.1699,0.02708,"AUTO_CAMERA",26,"kg.m-1.Mpa-1.s-1",-0.00330402161008644,-0.00379907019188948,0.0001424559965889,0.975311606913866,1e-04,5.55e-05,8.4075,4.7725,1,"2588;5090;7586;10089;12586;15086;17589;20089;22587;25084;","158;157;154;153;152;151;150;149;147;147;","4.27785;4.250775;4.16955;4.142475;4.1154;4.088325;4.06125;4.034175;3.980025;3.980025;","8.4075;","4.7725;",0,5.5e-06,0.0257373,22.6014383793172
"131","10/6/2023 1:06:07 PM","Hultine_Populus_23",12,1,NA,5230,5230,-2.535,8e-07,0.0035176,0.000987,98.32,"","g",0,0,20,1.0021,"Lee","rotor 1","Populus fremontii","DBG","branch",NA,0.1912,0.02708,"AUTO_CAMERA",26,"kg.m-1.Mpa-1.s-1",-0.000656609433844149,-0.00403405791791319,9.22865920526788e-05,0.706689080231982,1e-04,5.55e-05,8.4075,4.7725,1,"2589;5091;7591;10091;12588;15094;17592;20091;22592;25092;","198;197;196;196;196;195;195;195;196;194;","5.36085;5.333775;5.3067;5.3067;5.3067;5.279625;5.279625;5.279625;5.3067;5.25255;","8.4075;","4.7725;",0,5.5e-06,0.0257373,86.332676698799
"132","10/6/2023 1:06:38 PM","Hultine_Populus_23",12,1,NA,5230,5230,-2.535,6e-07,0.0029536,0.001574,98.59,"","g",0,0,20,1.0021,"Lee","rotor 1","Populus fremontii","DBG","branch",NA,0.1912,0.02708,"AUTO_CAMERA",26,"kg.m-1.Mpa-1.s-1",-0.000551318769180568,0.00144416430849469,0.000147180144736687,0.515739535310467,1e-04,5.55e-05,8.4075,4.7725,1,"2585;5093;7588;10088;12587;15090;17589;20085;22592;25090;","194;193;194;194;195;193;192;192;192;192;","5.25255;5.225475;5.25255;5.25255;5.279625;5.225475;5.1984;5.1984;5.1984;5.1984;","8.4075;","4.7725;",0,5.5e-06,0.0257373,88.5240487541428
"133","10/6/2023 1:07:10 PM","Hultine_Populus_23",12,1,NA,5230,5230,-2.535,1.1e-06,0.0051517,0.003267,97.54,"","g",0,0,20,1.0021,"Lee","rotor 1","Populus fremontii","DBG","branch",NA,0.1912,0.02708,"AUTO_CAMERA",26,"kg.m-1.Mpa-1.s-1",-0.000961622929677789,-0.0027280253112287,0.000305556506456859,0.609426405388013,1e-04,5.55e-05,8.4075,4.7725,1,"2583;5086;7587;10088;12583;15084;17587;20087;22584;25083;","190;189;190;187;187;186;187;186;188;185;","5.14425;5.117175;5.14425;5.063025;5.063025;5.03595;5.063025;5.03595;5.0901;5.008875;","8.4075;","4.7725;",0,5.5e-06,0.0257373,79.9835258554705
"134","10/6/2023 1:08:30 PM","Hultine_Populus_23",12,1,NA,5430,5430,-2.732,0,6.67e-05,0.002309,99.97,"","h",0,0,20,1.0021,"Lee","rotor 1","Populus fremontii","DBG","branch",NA,0.2061,0.02708,"AUTO_CAMERA",26,"kg.m-1.Mpa-1.s-1",-1.34301816861079e-05,-0.000370827876492809,0.000232761879172287,0.000399314964668189,1e-04,5.55e-05,8.4075,4.7725,1,"2598;5097;7599;10097;12598;15101;17596;20097;22597;25094;","200;200;199;200;201;200;201;198;199;201;","5.415;5.415;5.387925;5.415;5.442075;5.415;5.442075;5.36085;5.387925;5.442075;","8.4075;","4.7725;",0,5.5e-06,0.0257373,99.7408430565755
"135","10/6/2023 1:09:01 PM","Hultine_Populus_23",12,1,NA,5430,5430,-2.732,1e-07,0.0006197,0.001905,99.7,"","h",0,0,20,1.0021,"Lee","rotor 1","Populus fremontii","DBG","branch",NA,0.2061,0.02708,"AUTO_CAMERA",26,"kg.m-1.Mpa-1.s-1",-0.000124686292112092,-0.00270037152255901,0.000192061786491893,0.0400479175362416,1e-04,5.55e-05,8.4075,4.7725,1,"2589;5089;7586;10086;12587;15082;17584;20086;22586;25082;","200;199;198;200;199;200;200;198;200;198;","5.415;5.387925;5.36085;5.415;5.387925;5.415;5.415;5.36085;5.415;5.36085;","8.4075;","4.7725;",0,5.5e-06,0.0257373,97.5922105271338
"136","10/6/2023 1:09:35 PM","Hultine_Populus_23",12,1,NA,5430,5430,-2.732,0,0,0.004063,100.47,"","h",0,0,20,1.0021,"Lee","rotor 1","Populus fremontii","DBG","branch",NA,0.2061,0.02708,"AUTO_CAMERA",26,"kg.m-1.Mpa-1.s-1",0.000198787753130304,-0.00532512768349253,0.000409573950630882,0.047390532874431,1e-04,5.55e-05,8.4075,4.7725,1,"2594;5093;7591;10095;12592;15094;17594;20095;22590;25094;","200;198;198;201;198;199;201;201;198;200;","5.415;5.36085;5.36085;5.442075;5.36085;5.387925;5.442075;5.442075;5.36085;5.415;","8.4075;","4.7725;",0,5.5e-06,0.0257373,100
"137","10/6/2023 1:09:54 PM","Hultine_Populus_23",12,1,NA,5690,5690,-3,0,0,0.000628,100,"","i",0,0,20,1.0021,"Lee","rotor 1","Populus fremontii","DBG","branch",NA,0.2263,0.02708,"AUTO_CAMERA",26,"kg.m-1.Mpa-1.s-1",2.45204585619125e-06,-0.0034103860218548,6.95338749017316e-05,1.08043096230214e-06,1e-04,5.55e-05,8.4075,4.7725,1,"2601;5096;7600;","201;199;201;","5.442075;5.387925;5.442075;","8.4075;","4.7725;",0,5.5e-06,0.0257373,100
"138","10/6/2023 1:10:04 PM","Hultine_Populus_23",12,1,NA,5690,5690,-3,0,0,3.9e-05,102.21,"","i",0,0,20,1.0021,"Lee","rotor 1","Populus fremontii","DBG","branch",NA,0.2263,0.02708,"AUTO_CAMERA",26,"kg.m-1.Mpa-1.s-1",0.00102041053003286,-0.000848979111022082,4.30905574750179e-06,0.750900358844943,1e-04,5.55e-05,8.4075,4.7725,1,"2600;5093;7595;","200;200;201;","5.415;5.415;5.442075;","8.4075;","4.7725;",0,5.5e-06,0.0257373,100
"139","10/19/2023 9:54:20 AM","Hultine Cottonwood",16,1,NA,3230,3230,-0.967,2.39e-05,0.3360424,0.011295,35.25,"","a",0,0,20,1.0021,"Lee","rotor 1","Populus fremontii","DBG","branch",NA,0.0729,0.02708,"AUTO_CAMERA",26,"kg.m-1.Mpa-1.s-1",-0.0043544400067862,0.000150000834584746,7.33357582809318e-05,0.979592174795983,1e-04,1.85e-05,4.8475,3.2925,1,"1598;3096;4599;6091;7596;9096;10595;12097;13597;15099;","185;184;182;182;180;179;179;177;176;174;","5.008875;4.9818;4.92765;4.92765;4.8735;4.846425;4.846425;4.792275;4.7652;4.71105;","4.8475;","3.2925;",0,2.5025e-05,0.352164825,4.57809067103735
"140","10/19/2023 9:54:53 AM","Hultine Cottonwood",16,1,NA,3230,3230,-0.967,2.49e-05,0.3494873,0.013702,32.66,"","a",0,0,20,1.0021,"Lee","rotor 1","Populus fremontii","DBG","branch",NA,0.0729,0.02708,"AUTO_CAMERA",26,"kg.m-1.Mpa-1.s-1",-0.00452865973500112,0.00275605406642433,8.89592934624132e-05,0.977162844137285,1e-04,1.85e-05,4.8475,3.2925,1,"1596;3099;4600;6100;7596;9096;10596;12099;13599;15096;","187;186;186;184;182;182;180;179;177;177;","5.063025;5.03595;5.03595;4.9818;4.92765;4.92765;4.8735;4.846425;4.792275;4.792275;","4.8475;","3.2925;",0,2.5025e-05,0.352164825,0.760304496623143
"141","10/19/2023 9:55:33 AM","Hultine Cottonwood",16,1,NA,3230,3230,-0.967,2.51e-05,0.3525327,0.018037,32.07,"","a",0,0,20,1.0021,"Lee","rotor 1","Populus fremontii","DBG","branch",NA,0.0729,0.02708,"AUTO_CAMERA",26,"kg.m-1.Mpa-1.s-1",-0.00456812161435086,-0.00081056144693557,0.000117105960647798,0.970635100506787,1e-04,1.85e-05,4.8475,3.2925,1,"1603;3100;4600;6098;7598;9098;10597;12094;13600;15097;","171;170;168;167;166;166;164;164;162;160;","4.629825;4.60275;4.5486;4.521525;4.49445;4.49445;4.4403;4.4403;4.38615;4.332;","4.8475;","3.2925;",0,2.5025e-05,0.352164825,0
"142","10/19/2023 9:56:20 AM","Hultine Cottonwood",16,1,NA,3630,3630,-1.221,2.55e-05,0.3585572,0.002526,30.91,"","b",0,0,20,1.0021,"Lee","rotor 1","Populus fremontii","DBG","branch",NA,0.0921,0.02708,"AUTO_CAMERA",26,"kg.m-1.Mpa-1.s-1",-0.00586820031161639,-0.00183974239869221,2.07128769801027e-05,0.995565928846195,1e-04,1.85e-05,4.8475,3.2925,1,"1597;3098;4602;6099;7599;9096;10603;12100;13600;","188;186;184;183;181;180;178;177;175;","5.0901;5.03595;4.9818;4.954725;4.900575;4.8735;4.81935;4.792275;4.738125;","4.8475;","3.2925;",0,2.5025e-05,0.352164825,0
"143","10/19/2023 9:56:38 AM","Hultine Cottonwood",16,1,NA,3630,3630,-1.221,2.31e-05,0.3245614,0.003148,37.46,"","b",0,0,20,1.0021,"Lee","rotor 1","Populus fremontii","DBG","branch",NA,0.0921,0.02708,"AUTO_CAMERA",26,"kg.m-1.Mpa-1.s-1",-0.00531181973378135,-0.000288964631427913,2.58104363034223e-05,0.993268246585287,1e-04,1.85e-05,4.8475,3.2925,1,"1605;3104;4602;6103;7600;9101;10604;12099;13606;","169;168;166;165;164;162;161;160;159;","4.575675;4.5486;4.49445;4.467375;4.4403;4.38615;4.359075;4.332;4.304925;","4.8475;","3.2925;",0,2.5025e-05,0.352164825,7.83821183731226
"144","10/19/2023 9:57:00 AM","Hultine Cottonwood",16,1,NA,3630,3630,-1.221,2.61e-05,0.3667941,0.003626,29.33,"","b",0,0,20,1.0021,"Lee","rotor 1","Populus fremontii","DBG","branch",NA,0.0921,0.02708,"AUTO_CAMERA",26,"kg.m-1.Mpa-1.s-1",-0.00600300706352718,-0.00130910583324136,2.97372577802886e-05,0.995573044849604,1e-04,1.85e-05,4.8475,3.2925,1,"1600;3100;4602;6099;7601;9103;10600;12100;13599;15098;","188;186;184;183;181;180;178;177;175;173;","5.0901;5.03595;4.9818;4.954725;4.900575;4.8735;4.81935;4.792275;4.738125;4.683975;","4.8475;","3.2925;",0,2.5025e-05,0.352164825,0
"145","10/19/2023 9:58:09 AM","Hultine Cottonwood",16,1,NA,4030,4030,-1.505,2.39e-05,0.3353478,0.008895,35.38,"","c",0,0,20,1.0021,"Lee","rotor 1","Populus fremontii","DBG","branch",NA,0.1135,0.02708,"AUTO_CAMERA",26,"kg.m-1.Mpa-1.s-1",-0.00676454819664536,-0.00177500536858911,8.99052704979508e-05,0.989524750186179,1e-04,1.85e-05,4.8475,3.2925,1,"1598;3100;4600;6100;7601;9098;10602;12097;13599;15098;","157;155;153;153;150;149;148;146;145;143;","4.250775;4.196625;4.142475;4.142475;4.06125;4.034175;4.0071;3.95295;3.925875;3.871725;","4.8475;","3.2925;",0,2.5025e-05,0.352164825,4.77532785961802
"146","10/19/2023 9:58:33 AM","Hultine Cottonwood",16,1,NA,4030,4030,-1.505,2.49e-05,0.3497233,0.003513,32.62,"","c",0,0,20,1.0021,"Lee","rotor 1","Populus fremontii","DBG","branch",NA,0.1135,0.02708,"AUTO_CAMERA",26,"kg.m-1.Mpa-1.s-1",-0.00705452796917804,-0.00226332769951689,3.55079725805287e-05,0.996171753578061,1e-04,1.85e-05,4.8475,3.2925,1,"1590;3091;4590;6090;7591;9095;10589;12091;13595;15089;","188;185;184;182;180;178;176;174;173;171;","5.0901;5.008875;4.9818;4.92765;4.8735;4.81935;4.7652;4.71105;4.683975;4.629825;","4.8475;","3.2925;",0,2.5025e-05,0.352164825,0.693290421608683
"147","10/19/2023 9:58:50 AM","Hultine Cottonwood",16,1,NA,4030,4030,-1.505,2.47e-05,0.3476611,0.002954,33.01,"","c",0,0,20,1.0021,"Lee","rotor 1","Populus fremontii","DBG","branch",NA,0.1135,0.02708,"AUTO_CAMERA",26,"kg.m-1.Mpa-1.s-1",-0.00701292855516617,-0.0014748302453862,2.98589214403535e-05,0.995523437087624,1e-04,1.85e-05,4.8475,3.2925,1,"1600;3101;4597;6098;7599;9099;10598;12099;13602;","163;161;159;158;156;155;153;151;150;","4.413225;4.359075;4.304925;4.27785;4.2237;4.196625;4.142475;4.088325;4.06125;","4.8475;","3.2925;",0,2.5025e-05,0.352164825,1.27886849573918
"148","10/19/2023 9:59:32 AM","Hultine Cottonwood",16,1,NA,4330,4330,-1.737,2.5e-05,0.3520422,0.00656,32.17,"","d",0,0,20,1.0021,"Lee","rotor 1","Populus fremontii","DBG","branch",NA,0.1311,0.02708,"AUTO_CAMERA",26,"kg.m-1.Mpa-1.s-1",-0.00819792123064889,-0.000300141360873628,7.65406968942302e-05,0.99163945925921,1e-04,1.85e-05,4.8475,3.2925,1,"1597;3102;4598;6097;7593;9094;10598;12099;13607;","187;185;182;180;178;176;175;172;169;","5.063025;5.008875;4.92765;4.8735;4.81935;4.7652;4.738125;4.6569;4.575675;","4.8475;","3.2925;",0,2.5025e-05,0.352164825,0.0348203430027394
"149","10/19/2023 9:59:51 AM","Hultine Cottonwood",16,1,NA,4330,4330,-1.737,2.48e-05,0.3485257,0.002543,32.85,"","d",0,0,20,1.0021,"Lee","rotor 1","Populus fremontii","DBG","branch",NA,0.1311,0.02708,"AUTO_CAMERA",26,"kg.m-1.Mpa-1.s-1",-0.00811603375852454,-0.000340616420161721,2.96689307122999e-05,0.997577222526193,1e-04,1.85e-05,4.8475,3.2925,1,"1605;3102;4594;6090;7592;9095;10593;12093;13598;15095;","163;161;159;157;155;154;152;150;148;146;","4.413225;4.359075;4.304925;4.250775;4.196625;4.16955;4.1154;4.06125;4.0071;3.95295;","4.8475;","3.2925;",0,2.5025e-05,0.352164825,1.03335845651252
"150","10/19/2023 10:00:07 AM","Hultine Cottonwood",16,1,NA,4330,4330,-1.737,2.48e-05,0.3479444,0.0056,32.96,"","d",0,0,20,1.0021,"Lee","rotor 1","Populus fremontii","DBG","branch",NA,0.1311,0.02708,"AUTO_CAMERA",26,"kg.m-1.Mpa-1.s-1",-0.00810249638559003,0.00161889208095212,6.53360565479503e-05,0.992711641757747,1e-04,1.85e-05,4.8475,3.2925,1,"1600;3111;4603;6114;7614;9118;10618;12113;13636;","141;140;138;136;134;133;132;130;128;","3.817575;3.7905;3.73635;3.6822;3.62805;3.600975;3.5739;3.51975;3.4656;","4.8475;","3.2925;",0,2.5025e-05,0.352164825,1.19842320992735
"151","10/19/2023 10:00:48 AM","Hultine Cottonwood",16,1,NA,4630,4630,-1.986,2.52e-05,0.3543319,0.008222,31.73,"","e",0,0,20,1.0021,"Lee","rotor 1","Populus fremontii","DBG","branch",NA,0.1499,0.02708,"AUTO_CAMERA",26,"kg.m-1.Mpa-1.s-1",-0.00943420940266132,0.000178459214492366,0.000109681347829129,0.993405789541976,1e-04,1.85e-05,4.8475,3.2925,1,"1598;3099;4598;6100;7600;9097;10599;12102;13599;15098;","186;183;182;179;175;173;171;169;167;164;","5.03595;4.954725;4.92765;4.846425;4.738125;4.683975;4.629825;4.575675;4.521525;4.4403;","4.8475;","3.2925;",0,2.5025e-05,0.352164825,0
"152","10/19/2023 10:01:07 AM","Hultine Cottonwood",16,1,NA,4630,4630,-1.986,2.43e-05,0.3419095,0.009539,34.12,"","e",0,0,20,1.0021,"Lee","rotor 1","Populus fremontii","DBG","branch",NA,0.1499,0.02708,"AUTO_CAMERA",26,"kg.m-1.Mpa-1.s-1",-0.00910345714814894,-0.00268780652804675,0.00012725892574534,0.991801380553156,1e-04,1.85e-05,4.8475,3.2925,1,"1589;3091;4593;6091;7593;9101;10590;12092;13599;15093;","157;154;152;150;149;147;144;143;141;138;","4.250775;4.16955;4.1154;4.06125;4.034175;3.980025;3.8988;3.871725;3.817575;3.73635;","4.8475;","3.2925;",0,2.5025e-05,0.352164825,2.91208101206588
"153","10/19/2023 10:01:34 AM","Hultine Cottonwood",16,1,NA,4630,4630,-1.986,2.44e-05,0.34362,0.009204,33.79,"","e",0,0,20,1.0021,"Lee","rotor 1","Populus fremontii","DBG","branch",NA,0.1499,0.02708,"AUTO_CAMERA",26,"kg.m-1.Mpa-1.s-1",-0.00914900074019796,-0.00429779838268568,0.00012278646968124,0.992165264446185,1e-04,1.85e-05,4.8475,3.2925,1,"1592;3095;4592;6091;7594;9096;10598;12095;13599;15095;","133;131;128;127;125;124;122;121;119;117;","3.600975;3.546825;3.4656;3.438525;3.384375;3.3573;3.30315;3.276075;3.221925;3.167775;","4.8475;","3.2925;",0,2.5025e-05,0.352164825,2.42637094718362
"154","10/19/2023 10:02:18 AM","Hultine Cottonwood",16,1,NA,4930,4930,-2.252,2.54e-05,0.3572468,0.003679,31.16,"","f",0,0,20,1.0021,"Lee","rotor 1","Populus fremontii","DBG","branch",NA,0.1699,0.02708,"AUTO_CAMERA",26,"kg.m-1.Mpa-1.s-1",-0.0107843864206549,0.00401202275620808,5.56496197348537e-05,0.997429907809309,1e-04,1.85e-05,4.8475,3.2925,1,"1599;3096;4603;6099;7600;9099;10600;12097;13603;15102;","185;183;180;177;175;172;169;166;163;161;","5.008875;4.954725;4.8735;4.792275;4.738125;4.6569;4.575675;4.49445;4.413225;4.359075;","4.8475;","3.2925;",0,2.5025e-05,0.352164825,0
"155","10/19/2023 10:02:35 AM","Hultine Cottonwood",16,1,NA,4930,4930,-2.252,2.45e-05,0.3438365,0.005947,33.75,"","f",0,0,20,1.0021,"Lee","rotor 1","Populus fremontii","DBG","branch",NA,0.1699,0.02708,"AUTO_CAMERA",26,"kg.m-1.Mpa-1.s-1",-0.0103795621585231,0.00345027249812493,8.99512140324414e-05,0.993852685915348,1e-04,1.85e-05,4.8475,3.2925,1,"1599;3100;4604;6100;7600;9100;10599;12099;13601;","152;150;149;146;143;141;139;137;135;","4.1154;4.06125;4.034175;3.95295;3.871725;3.817575;3.763425;3.709275;3.655125;","4.8475;","3.2925;",0,2.5025e-05,0.352164825,2.36489405209621
"156","10/19/2023 10:02:53 AM","Hultine Cottonwood",16,1,NA,4930,4930,-2.252,2.25e-05,0.3166747,0.009727,38.98,"","f",0,0,20,1.0021,"Lee","rotor 1","Populus fremontii","DBG","branch",NA,0.1699,0.02708,"AUTO_CAMERA",26,"kg.m-1.Mpa-1.s-1",-0.00955961761728017,-0.00128564200091539,0.000147119011200897,0.988205813433559,1e-04,1.85e-05,4.8475,3.2925,1,"1612;3106;4604;6104;7602;9102;10602;12102;13607;","126;124;122;121;118;118;116;114;112;","3.41145;3.3573;3.30315;3.276075;3.19485;3.19485;3.1407;3.08655;3.0324;","4.8475;","3.2925;",0,2.5025e-05,0.352164825,10.0777029619582
"157","10/19/2023 10:03:42 AM","Hultine Cottonwood",16,1,NA,5230,5230,-2.535,2.58e-05,0.3624608,0.00065,30.16,"","g",0,0,20,1.0021,"Lee","rotor 1","Populus fremontii","DBG","branch",NA,0.1912,0.02708,"AUTO_CAMERA",26,"kg.m-1.Mpa-1.s-1",-0.0123139598716637,-0.000187852240306352,1.10635966329312e-05,0.999607463787998,1e-04,1.85e-05,4.8475,3.2925,1,"1600;3100;4601;6097;7602;9099;10601;12102;13602;15110;","185;182;178;175;172;169;166;163;160;157;","5.008875;4.92765;4.81935;4.738125;4.6569;4.575675;4.49445;4.413225;4.332;4.250775;","4.8475;","3.2925;",0,2.5025e-05,0.352164825,0
"158","10/19/2023 10:04:01 AM","Hultine Cottonwood",16,1,NA,5230,5230,-2.535,2.46e-05,0.3452901,0.00852,33.47,"","g",0,0,20,1.0021,"Lee","rotor 1","Populus fremontii","DBG","branch",NA,0.1912,0.02708,"AUTO_CAMERA",26,"kg.m-1.Mpa-1.s-1",-0.0117306146177268,-0.00269644347660768,0.000145037213877681,0.994352755342376,1e-04,1.85e-05,4.8475,3.2925,1,"1597;3098;4596;6093;7599;9095;10593;12097;13594;15097;","148;145;142;140;138;135;134;130;129;126;","4.0071;3.925875;3.84465;3.7905;3.73635;3.655125;3.62805;3.51975;3.492675;3.41145;","4.8475;","3.2925;",0,2.5025e-05,0.352164825,1.9521327832784
"159","10/19/2023 10:04:18 AM","Hultine Cottonwood",16,1,NA,5230,5230,-2.535,2.38e-05,0.3350485,0.005657,35.44,"","g",0,0,20,1.0021,"Lee","rotor 1","Populus fremontii","DBG","branch",NA,0.1912,0.02708,"AUTO_CAMERA",26,"kg.m-1.Mpa-1.s-1",-0.0113826756374374,0.00248527886655102,9.62908353875439e-05,0.994540534291078,1e-04,1.85e-05,4.8475,3.2925,1,"1587;3090;4591;6091;7590;9088;10601;12103;13605;","118;116;115;112;111;109;107;105;103;","3.19485;3.1407;3.113625;3.0324;3.005325;2.951175;2.897025;2.842875;2.788725;","4.8475;","3.2925;",0,2.5025e-05,0.352164825,4.86031647254946
"160","10/19/2023 10:04:54 AM","Hultine Cottonwood",16,1,NA,5430,5430,-2.732,2.61e-05,0.3670104,0.008846,29.28,"","h",0,0,20,1.0021,"Lee","rotor 1","Populus fremontii","DBG","branch",NA,0.2061,0.02708,"AUTO_CAMERA",26,"kg.m-1.Mpa-1.s-1",-0.0134403717989215,-0.00292960417934007,0.000162306631016809,0.993412976647021,1e-04,1.85e-05,4.8475,3.2925,1,"1592;3097;4592;6092;7594;9108;10615;12107;13611;","186;181;178;175;172;167;166;161;158;","5.03595;4.900575;4.81935;4.738125;4.6569;4.521525;4.49445;4.359075;4.27785;","4.8475;","3.2925;",0,2.5025e-05,0.352164825,0
"161","10/19/2023 10:05:12 AM","Hultine Cottonwood",16,1,NA,5430,5430,-2.732,2.47e-05,0.3476162,0.004087,33.02,"","h",0,0,20,1.0021,"Lee","rotor 1","Populus fremontii","DBG","branch",NA,0.2061,0.02708,"AUTO_CAMERA",26,"kg.m-1.Mpa-1.s-1",-0.0127301337942259,-0.00387848822411526,7.49845789585955e-05,0.997513882127327,1e-04,1.85e-05,4.8475,3.2925,1,"1599;3095;4600;6100;7596;9101;10595;12097;13600;15100;","150;146;144;141;139;136;133;131;129;126;","4.06125;3.95295;3.8988;3.817575;3.763425;3.6822;3.600975;3.546825;3.492675;3.41145;","4.8475;","3.2925;",0,2.5025e-05,0.352164825,1.29161820746863
"162","10/19/2023 10:05:29 AM","Hultine Cottonwood",16,1,NA,5430,5430,-2.732,2.38e-05,0.3350376,0.0036,35.44,"","h",0,0,20,1.0021,"Lee","rotor 1","Populus fremontii","DBG","branch",NA,0.2061,0.02708,"AUTO_CAMERA",26,"kg.m-1.Mpa-1.s-1",-0.0122694893210653,0.00105105699076529,6.60621781000357e-05,0.996760989453351,1e-04,1.85e-05,4.8475,3.2925,1,"1591;3090;4588;6089;7590;9091;10590;12089;13594;","119;117;115;113;111;108;107;105;103;","3.221925;3.167775;3.113625;3.059475;3.005325;2.9241;2.897025;2.842875;2.788725;","4.8475;","3.2925;",0,2.5025e-05,0.352164825,4.86341161414972
"163","10/19/2023 10:06:07 AM","Hultine Cottonwood",16,1,NA,5630,5630,-2.937,2.51e-05,0.3526579,0.003191,32.05,"","i",0,0,20,1.0021,"Lee","rotor 1","Populus fremontii","DBG","branch",NA,0.2216,0.02708,"AUTO_CAMERA",26,"kg.m-1.Mpa-1.s-1",-0.013883648237719,0.00163840239769416,6.29501521493543e-05,0.998244345729306,1e-04,1.85e-05,4.8475,3.2925,1,"1597;3096;4598;6096;7596;9097;10595;12095;13602;15099;","185;182;178;174;170;168;164;161;157;154;","5.008875;4.92765;4.81935;4.71105;4.60275;4.5486;4.4403;4.359075;4.250775;4.16955;","4.8475;","3.2925;",0,2.5025e-05,0.352164825,0
"164","10/19/2023 10:06:25 AM","Hultine Cottonwood",16,1,NA,5630,5630,-2.937,2.34e-05,0.3285716,0.00917,36.69,"","i",0,0,20,1.0021,"Lee","rotor 1","Populus fremontii","DBG","branch",NA,0.2216,0.02708,"AUTO_CAMERA",26,"kg.m-1.Mpa-1.s-1",-0.0129354059986862,-0.00266245225917408,0.000180877915323814,0.994210711718121,1e-04,1.85e-05,4.8475,3.2925,1,"1597;3092;4590;6094;7595;9093;10592;12092;13596;15095;","145;141;139;137;134;132;129;127;123;122;","3.925875;3.817575;3.763425;3.709275;3.62805;3.5739;3.492675;3.438525;3.330225;3.30315;","4.8475;","3.2925;",0,2.5025e-05,0.352164825,6.69948368636759
"165","10/19/2023 10:07:04 AM","Hultine Cottonwood",16,1,NA,5630,5630,-2.937,2.22e-05,0.3115137,0.005124,39.98,"","i",0,0,20,1.0021,"Lee","rotor 1","Populus fremontii","DBG","branch",NA,0.2216,0.02708,"AUTO_CAMERA",26,"kg.m-1.Mpa-1.s-1",-0.0122638617732643,-0.00375803561207341,0.000101067630193835,0.996394202342923,1e-04,1.85e-05,4.8475,3.2925,1,"1590;3096;4592;6094;7595;9096;10593;12093;13594;15096;","173;169;166;163;160;158;154;152;150;146;","4.683975;4.575675;4.49445;4.413225;4.332;4.27785;4.16955;4.1154;4.06125;3.95295;","4.8475;","3.2925;",0,2.5025e-05,0.352164825,11.5432099159818
"166","10/19/2023 10:07:43 AM","Hultine Cottonwood",16,1,NA,5930,5930,-3.259,2.4e-06,0.0335428,0.001199,93.54,"","j",0,0,20,1.0021,"Lee","rotor 1","Populus fremontii","DBG","branch",NA,0.2458,0.02708,"AUTO_CAMERA",26,"kg.m-1.Mpa-1.s-1",-0.00146501634574843,0.00178027294949405,2.62304368412016e-05,0.938223685605549,1e-04,1.85e-05,4.8475,3.2925,1,"1594;3092;4592;6095;7588;9091;10590;12094;13591;15094;","190;190;190;189;189;188;188;187;187;187;","5.14425;5.14425;5.14425;5.117175;5.117175;5.0901;5.0901;5.063025;5.063025;5.063025;","4.8475;","3.2925;",0,2.5025e-05,0.352164825,90.4752554432431
"167","10/19/2023 10:08:02 AM","Hultine Cottonwood",16,1,NA,5930,5930,-3.259,1.6e-06,0.0229727,0.002752,95.57,"","j",0,0,20,1.0021,"Lee","rotor 1","Populus fremontii","DBG","branch",NA,0.2458,0.02708,"AUTO_CAMERA",26,"kg.m-1.Mpa-1.s-1",-0.00100335436028217,-0.000387346809721863,6.0223984286694e-05,0.756263059144695,1e-04,1.85e-05,4.8475,3.2925,1,"1593;3106;4596;6095;7596;9093;10594;12095;13604;15095;","186;186;185;185;185;185;184;183;184;184;","5.03595;5.03595;5.008875;5.008875;5.008875;5.008875;4.9818;4.954725;4.9818;4.9818;","4.8475;","3.2925;",0,2.5025e-05,0.352164825,93.4767193174389
"168","10/19/2023 10:08:19 AM","Hultine Cottonwood",16,1,NA,5930,5930,-3.259,1.7e-06,0.0242373,0.003918,95.33,"","j",0,0,20,1.0021,"Lee","rotor 1","Populus fremontii","DBG","branch",NA,0.2458,0.02708,"AUTO_CAMERA",26,"kg.m-1.Mpa-1.s-1",-0.00105858585972746,-0.000488705973452936,8.57380639574285e-05,0.638296802890544,1e-04,1.85e-05,4.8475,3.2925,1,"1597;3104;4598;6100;7603;9100;10600;12098;13602;","183;182;183;183;181;181;181;181;181;","4.954725;4.92765;4.954725;4.954725;4.900575;4.900575;4.900575;4.900575;4.900575;","4.8475;","3.2925;",0,2.5025e-05,0.352164825,93.1176261002217
"169","10/19/2023 10:08:55 AM","Hultine Cottonwood",16,1,NA,6130,6130,-3.482,4e-07,0.0050974,0.001581,99.02,"","k",0,0,20,1.0021,"Lee","rotor 1","Populus fremontii","DBG","branch",NA,0.2627,0.02708,"AUTO_CAMERA",26,"kg.m-1.Mpa-1.s-1",-0.00023790310763048,0.000236704194452339,3.69763981749531e-05,0.171250801403701,1e-04,1.85e-05,4.8475,3.2925,1,"1605;3101;4604;6101;7599;9104;10602;12104;13603;","191;191;191;191;190;191;191;191;190;","5.171325;5.171325;5.171325;5.171325;5.14425;5.171325;5.171325;5.171325;5.14425;","4.8475;","3.2925;",0,2.5025e-05,0.352164825,98.5525527712769
"170","10/19/2023 10:09:14 AM","Hultine Cottonwood",16,1,NA,6130,6130,-3.482,2e-07,0.0032422,0.002884,99.38,"","k",0,0,20,1.0021,"Lee","rotor 1","Populus fremontii","DBG","branch",NA,0.2627,0.02708,"AUTO_CAMERA",26,"kg.m-1.Mpa-1.s-1",-0.000151319295743206,0.00370000628693593,6.74526650496837e-05,0.0593173206318233,1e-04,1.85e-05,4.8475,3.2925,1,"1584;3089;4591;6087;7591;9088;10589;12089;13595;15090;","190;191;191;191;191;190;190;190;190;191;","5.14425;5.171325;5.171325;5.171325;5.171325;5.14425;5.14425;5.14425;5.14425;5.171325;","4.8475;","3.2925;",0,2.5025e-05,0.352164825,99.0793515507973
"171","10/19/2023 10:09:31 AM","Hultine Cottonwood",16,1,NA,6130,6130,-3.482,5e-07,0.006379,0.001397,98.77,"","k",0,0,20,1.0021,"Lee","rotor 1","Populus fremontii","DBG","branch",NA,0.2627,0.02708,"AUTO_CAMERA",26,"kg.m-1.Mpa-1.s-1",-0.000297720425728187,0.000596553524488678,3.2657696941437e-05,0.268045523521274,1e-04,1.85e-05,4.8475,3.2925,1,"1604;3112;4608;6102;7604;9101;10609;12102;13605;","191;191;191;191;191;191;190;190;191;","5.171325;5.171325;5.171325;5.171325;5.171325;5.171325;5.14425;5.14425;5.171325;","4.8475;","3.2925;",0,2.5025e-05,0.352164825,98.1886322689951
"172","10/19/2023 10:10:08 AM","Hultine Cottonwood",16,1,NA,6330,6330,-3.713,1e-07,0.0008708,0.002747,99.83,"","l",0,0,20,1.0021,"Lee","rotor 1","Populus fremontii","DBG","branch",NA,0.2801,0.02708,"AUTO_CAMERA",26,"kg.m-1.Mpa-1.s-1",-4.33376841481963e-05,-0.00184969253564742,6.84891284725239e-05,0.00506561354799252,1e-04,1.85e-05,4.8475,3.2925,1,"1600;3099;4596;6104;7602;9098;10605;12100;13600;15100;","191;191;191;190;190;190;191;190;191;191;","5.171325;5.171325;5.171325;5.14425;5.14425;5.14425;5.171325;5.14425;5.171325;5.171325;","4.8475;","3.2925;",0,2.5025e-05,0.352164825,99.7527294215145
"173","10/19/2023 10:10:14 AM","Hultine Cottonwood",16,1,NA,6330,6330,-3.713,0,5.58e-05,0.000767,99.99,"","l",0,0,20,1.0021,"Lee","rotor 1","Populus fremontii","DBG","branch",NA,0.2801,0.02708,"AUTO_CAMERA",26,"kg.m-1.Mpa-1.s-1",-2.77512136534636e-06,-0.00178103205835087,1.91215859706426e-05,1.81360225378187e-06,1e-04,1.85e-05,4.8475,3.2925,1,"1587;3091;4588;","191;190;191;","5.171325;5.14425;5.171325;","4.8475;","3.2925;",0,2.5025e-05,0.352164825,99.9841551466703
"174","10/19/2023 10:11:05 AM","Hultine Cottonwood",16,1,NA,6530,6530,-3.951,3e-07,0.0044938,0.001874,99.13,"","m",0,0,20,1.0021,"Lee","rotor 1","Populus fremontii","DBG","branch",NA,0.2981,0.02708,"AUTO_CAMERA",26,"kg.m-1.Mpa-1.s-1",-0.000237997711077795,-0.00214271971524063,4.97157048482377e-05,0.174611622463696,1e-04,1.85e-05,4.8475,3.2925,1,"1595;3091;4594;6093;7593;9092;10596;12094;13595;15095;","191;191;190;190;190;190;190;191;190;190;","5.171325;5.171325;5.14425;5.14425;5.14425;5.14425;5.14425;5.171325;5.14425;5.14425;","4.8475;","3.2925;",0,2.5025e-05,0.352164825,98.7239497868647
"175","10/19/2023 4:05:13 PM","Hultine Cottonwood",17,1,NA,4030,4030,-1.505,6.3e-06,0.0618834,0.001341,88.08,"","c",0,0,20,1.0021,"Lee","rotor 1","Populus fremontii","DBG","branch",NA,0.1135,0.02708,"AUTO_CAMERA",26,"kg.m-1.Mpa-1.s-1",-0.00197255763996216,-0.000420640700355412,2.1410755430627e-05,0.971195965831508,1e-04,2.64e-05,5.8,3.0675,1,"1587;3089;4596;6083;7583;9085;10586;12086;13586;15087;","195;194;194;193;193;192;192;191;190;190;","5.279625;5.25255;5.25255;5.225475;5.225475;5.1984;5.1984;5.171325;5.14425;5.14425;","5.8;","3.0675;",0,6.85e-06,0.067548725,8.38701988823624
